[{"assets":31872597000,"totalAssets":349197000000,"cash":31971000000,"cashflow":11221000000,"capEx":3267000000,"ceo":"Timothy Cook","country":"USA","cogs":32844000000,"date":"2018-06-30","debt":17472000000,"depreciationAndAmortization":2665000000,"dividendPayout":3653000000,"dividendPerShare":0.7542974616331438,"ebit":14130000000,"ebitda":15277000000,"employees":0,"eps":2.378525173980888,"exchange":"NASDAQ","fiscalYear":2018,"fiscalQuarter":2,"grossMargin":38.33849619825401,"grossProfit":20421000000,"incomeTax":1765000000,"interestExpense":846000000,"netIncome":11519000000,"netMargin":21.625833098657655,"operatingIncome":12612000000,"operatingMargin":23.677837228949592,"researchAndDev":3701000000,"returnOnAssets":3.2987110427638267,"returnOnCapitalEmployed":5.421083526121335,"returnOnEquity":10.020965819624356,"returnOnInvestedCapital":2.74816316189511,"revenue":53265000000,"revenueSegments":{"products":["Model S/X","Model 3/Y"],"productsSold":[14517,72531]},"shareholderEquity":114949000000,"sharesOutstanding":4842917000,"stockBasedCompensation":0,"ticker":"AAPL","currentAssets":115761000000,"currentLiabilities":88548000000,"sellingGeneralAndAdministrative":4108000000,"stockRepurchase":20783000000},{"assets":31872597000,"totalAssets":365725000000,"cash":25913000000,"cashflow":16482000000,"capEx":3041000000,"ceo":"Timothy Cook","country":"USA","cogs":38816000000,"date":"2018-09-30","debt":20748000000,"depreciationAndAmortization":2754000000,"dividendPayout":3530000000,"dividendPerShare":0.74237863160901,"ebit":17289000000,"ebitda":18872000000,"employees":0,"eps":2.970566054242852,"exchange":"NASDAQ","fiscalYear":2018,"fiscalQuarter":2,"grossMargin":38.289348171701114,"grossProfit":24084000000,"incomeTax":2296000000,"interestExpense":868000000,"netIncome":14125000000,"netMargin":22.456279809220987,"operatingIncome":16118000000,"operatingMargin":25.624801271860097,"researchAndDev":3750000000,"returnOnAssets":3.862191537357304,"returnOnCapitalEmployed":6.921247738154333,"returnOnEquity":13.182823597487564,"returnOnInvestedCapital":-4.6057980673108965,"revenue":62900000000,"revenueSegments":{"products":["Model S/X","Model 3/Y"],"productsSold":[14517,72531]},"shareholderEquity":107147000000,"sharesOutstanding":4754986000,"stockBasedCompensation":0,"ticker":"AAPL","currentAssets":131339000000,"currentLiabilities":115929000000,"sellingGeneralAndAdministrative":4216000000,"stockRepurchase":19104000000},{"assets":31872597000,"totalAssets":373719000000,"cash":44771000000,"cashflow":23335000000,"capEx":3355000000,"ceo":"Timothy Cook","country":"USA","cogs":52279000000,"date":"2018-12-31","debt":21741000000,"depreciationAndAmortization":3395000000,"dividendPayout":3568000000,"dividendPerShare":0.7543654566585543,"ebit":24796000000,"ebitda":26741000000,"employees":0,"eps":4.221106037608754,"exchange":"NASDAQ","fiscalYear":2018,"fiscalQuarter":2,"grossMargin":38.397266842483816,"grossProfit":32031000000,"incomeTax":3941000000,"interestExpense":890000000,"netIncome":19965000000,"netMargin":23.933109566051307,"operatingIncome":23346000000,"operatingMargin":27.98609446175977,"researchAndDev":3902000000,"returnOnAssets":5.342249123004182,"returnOnCapitalEmployed":9.341611537244383,"returnOnEquity":16.934991348013437,"returnOnInvestedCapital":3.3204996577686514,"revenue":83420000000,"revenueSegments":{"products":["Model S/X","Model 3/Y"],"productsSold":[14517,72531]},"shareholderEquity":117892000000,"sharesOutstanding":4729803000,"stockBasedCompensation":0,"ticker":"AAPL","currentAssets":140828000000,"currentLiabilities":108283000000,"sellingGeneralAndAdministrative":4783000000,"stockRepurchase":8796000000},{"assets":31872597000,"totalAssets":341998000000,"cash":37988000000,"cashflow":8792000000,"capEx":2363000000,"ceo":"Timothy Cook","country":"USA","cogs":36194000000,"date":"2019-03-31","debt":22429000000,"depreciationAndAmortization":3040000000,"dividendPayout":3443000000,"dividendPerShare":0.747294935584609,"ebit":14803000000,"ebitda":16455000000,"employees":0,"eps":2.5092874674103007,"exchange":"NASDAQ","fiscalYear":2019,"fiscalQuarter":2,"grossMargin":38.27909832470836,"grossProfit":21821000000,"incomeTax":2232000000,"interestExpense":1010000000,"netIncome":11561000000,"netMargin":20.280677133584774,"operatingIncome":13415000000,"operatingMargin":23.533023418998333,"researchAndDev":3948000000,"returnOnAssets":3.3804291253165224,"returnOnCapitalEmployed":5.9635171174655355,"returnOnEquity":10.921027772529756,"returnOnInvestedCapital":0.8378034162421336,"revenue":57005000000,"revenueSegments":{"products":["Model S/X","Model 3/Y"],"productsSold":[14517,72531]},"shareholderEquity":105860000000,"sharesOutstanding":4607284000,"stockBasedCompensation":0,"ticker":"AAPL","currentAssets":123346000000,"currentLiabilities":93772000000,"sellingGeneralAndAdministrative":4458000000,"stockRepurchase":23702000000},{"assets":31872597000,"totalAssets":322239000000,"cash":50530000000,"cashflow":9636000000,"capEx":2000000000,"ceo":"Timothy Cook","country":"USA","cogs":33582000000,"date":"2019-06-30","debt":23482000000,"depreciationAndAmortization":2933000000,"dividendPayout":3629000000,"dividendPerShare":0.8008571311924915,"ebit":12777000000,"ebitda":14477000000,"employees":0,"eps":2.2165359674007674,"exchange":"NASDAQ","fiscalYear":2019,"fiscalQuarter":2,"grossMargin":38.20523959730276,"grossProfit":20227000000,"incomeTax":1867000000,"interestExpense":866000000,"netIncome":10044000000,"netMargin":18.97134654250798,"operatingIncome":11544000000,"operatingMargin":21.804582286610128,"researchAndDev":4257000000,"returnOnAssets":3.11694115237448,"returnOnCapitalEmployed":5.494656718343475,"returnOnEquity":10.413038069171437,"returnOnInvestedCapital":0.3518653188858992,"revenue":52943000000,"revenueSegments":{"products":["Model S/X","Model 3/Y"],"productsSold":[14517,72531]},"shareholderEquity":96456000000,"sharesOutstanding":4531395000,"stockBasedCompensation":0,"ticker":"AAPL","currentAssets":134973000000,"currentLiabilities":89704000000,"sellingGeneralAndAdministrative":4426000000,"stockRepurchase":16955000000},{"assets":31872597000,"totalAssets":338516000000,"cash":48844000000,"cashflow":17133000000,"capEx":2777000000,"ceo":"Timothy Cook","country":"USA","cogs":39727000000,"date":"2019-09-30","debt":16240000000,"depreciationAndAmortization":3179000000,"dividendPayout":3479000000,"dividendPerShare":0.7829878944084897,"ebit":16937000000,"ebitda":18804000000,"employees":0,"eps":3.080187502982061,"exchange":"NASDAQ","fiscalYear":2019,"fiscalQuarter":2,"grossMargin":37.96533416614616,"grossProfit":24313000000,"incomeTax":2441000000,"interestExpense":810000000,"netIncome":13686000000,"netMargin":21.37101811367895,"operatingIncome":15625000000,"operatingMargin":24.39881324172392,"researchAndDev":4110000000,"returnOnAssets":4.042940363232462,"returnOnCapitalEmployed":7.275406146100911,"returnOnEquity":15.124657413137655,"returnOnInvestedCapital":-16.521303258145362,"revenue":64040000000,"revenueSegments":{"products":["Model S/X","Model 3/Y"],"productsSold":[14517,72531]},"shareholderEquity":90488000000,"sharesOutstanding":4443236000,"stockBasedCompensation":0,"ticker":"AAPL","currentAssets":162819000000,"currentLiabilities":105718000000,"sellingGeneralAndAdministrative":4578000000,"stockRepurchase":17444000000},{"assets":31872597000,"totalAssets":340618000000,"cash":39771000000,"cashflow":28409000000,"capEx":2107000000,"ceo":"Timothy Cook","country":"USA","cogs":56602000000,"date":"2019-12-31","debt":15214000000,"depreciationAndAmortization":2816000000,"dividendPayout":3539000000,"dividendPerShare":0.8070771015190792,"ebit":26703000000,"ebitda":28385000000,"employees":0,"eps":5.07097101706082,"exchange":"NASDAQ","fiscalYear":2019,"fiscalQuarter":2,"grossMargin":38.68554605971396,"grossProfit":35217000000,"incomeTax":3682000000,"interestExpense":785000000,"netIncome":22236000000,"netMargin":24.426038622932094,"operatingIncome":25569000000,"operatingMargin":28.08730803875475,"researchAndDev":4451000000,"returnOnAssets":6.5281341561514665,"returnOnCapitalEmployed":11.198245385960572,"returnOnEquity":24.836090292747766,"returnOnInvestedCapital":-1.6013315774070822,"revenue":91034000000,"revenueSegments":{"products":["Model S/X","Model 3/Y"],"productsSold":[14517,72531]},"shareholderEquity":89531000000,"sharesOutstanding":4384959000,"stockBasedCompensation":0,"ticker":"AAPL","currentAssets":163231000000,"currentLiabilities":102161000000,"sellingGeneralAndAdministrative":5197000000,"stockRepurchase":20706000000},{"assets":31872597000,"totalAssets":320400000000,"cash":40174000000,"cashflow":11458000000,"capEx":1853000000,"ceo":"Timothy Cook","country":"USA","cogs":35943000000,"date":"2020-03-31","debt":20421000000,"depreciationAndAmortization":2786000000,"dividendPayout":3375000000,"dividendPerShare":0.7805296361899331,"ebit":13892000000,"ebitda":15639000000,"employees":0,"eps":2.601534185926091,"exchange":"NASDAQ","fiscalYear":2020,"fiscalQuarter":2,"grossMargin":38.866495239419,"grossProfit":22370000000,"incomeTax":1886000000,"interestExpense":757000000,"netIncome":11249000000,"netMargin":19.544443672249635,"operatingIncome":12853000000,"operatingMargin":22.331294739036764,"researchAndDev":4565000000,"returnOnAssets":3.510923845193508,"returnOnCapitalEmployed":6.1933251896962185,"returnOnEquity":14.34364042078419,"returnOnInvestedCapital":1.2167979585043827,"revenue":57556000000,"revenueSegments":{"products":["Model S/X","Model 3/Y"],"productsSold":[14517,72531]},"shareholderEquity":78425000000,"sharesOutstanding":4323987000,"stockBasedCompensation":0,"ticker":"AAPL","currentAssets":143753000000,"currentLiabilities":96094000000,"sellingGeneralAndAdministrative":4952000000,"stockRepurchase":18574000000},{"assets":31872597000,"totalAssets":317344000000,"cash":33383000000,"cashflow":14706000000,"capEx":1565000000,"ceo":"Timothy Cook","country":"USA","cogs":37005000000,"date":"2020-06-30","debt":18675000000,"depreciationAndAmortization":2752000000,"dividendPayout":3656000000,"dividendPerShare":0.8534201817532883,"ebit":13834000000,"ebitda":15843000000,"employees":0,"eps":2.6267881031919456,"exchange":"NASDAQ","fiscalYear":2020,"fiscalQuarter":2,"grossMargin":38.44849799959314,"grossProfit":22680000000,"incomeTax":1884000000,"interestExpense":697000000,"netIncome":11253000000,"netMargin":19.076761375194955,"operatingIncome":13091000000,"operatingMargin":22.19264935241066,"researchAndDev":4758000000,"returnOnAssets":3.5459942522940406,"returnOnCapitalEmployed":6.230801797987623,"returnOnEquity":15.568191250933843,"returnOnInvestedCapital":-2.1697967086156824,"revenue":58988000000,"revenueSegments":{"products":["Model S/X","Model 3/Y"],"productsSold":[14517,72531]},"shareholderEquity":72282000000,"sharesOutstanding":4283939000,"stockBasedCompensation":0,"ticker":"AAPL","currentAssets":140065000000,"currentLiabilities":95318000000,"sellingGeneralAndAdministrative":4831000000,"stockRepurchase":15891000000},{"assets":31872597000,"totalAssets":323888000000,"cash":38016000000,"cashflow":18792000000,"capEx":1784000000,"ceo":"Timothy Cook","country":"USA","cogs":40009000000,"date":"2020-09-30","debt":13793000000,"depreciationAndAmortization":2702000000,"dividendPayout":3511000000,"dividendPerShare":0.20681209957398827,"ebit":15535000000,"ebitda":17477000000,"employees":0,"eps":0.7464909535463268,"exchange":"NASDAQ","fiscalYear":2020,"fiscalQuarter":2,"grossMargin":38.16037590033695,"grossProfit":24689000000,"incomeTax":2228000000,"interestExpense":634000000,"netIncome":12673000000,"netMargin":19.587931620761072,"operatingIncome":14775000000,"operatingMargin":22.83687285542057,"researchAndDev":4978000000,"returnOnAssets":3.9127723163562713,"returnOnCapitalEmployed":7.1099699765670765,"returnOnEquity":19.395766693705138,"returnOnInvestedCapital":2.268486711263786,"revenue":64698000000,"revenueSegments":{"products":["Model S/X","Model 3/Y"],"productsSold":[14517,72531]},"shareholderEquity":65339000000,"sharesOutstanding":16976763000,"stockBasedCompensation":0,"ticker":"AAPL","currentAssets":143713000000,"currentLiabilities":105392000000,"sellingGeneralAndAdministrative":4936000000,"stockRepurchase":17187000000},{"assets":31872597000,"totalAssets":354054000000,"cash":36010000000,"cashflow":35263000000,"capEx":3500000000,"ceo":"Timothy Cook","country":"USA","cogs":67111000000,"date":"2020-12-31","debt":12762000000,"depreciationAndAmortization":2666000000,"dividendPayout":3613000000,"dividendPerShare":0.21476214215993653,"ebit":34217000000,"ebitda":36200000000,"employees":0,"eps":1.7092403536697964,"exchange":"NASDAQ","fiscalYear":2020,"fiscalQuarter":2,"grossMargin":40.00685914387054,"grossProfit":44328000000,"incomeTax":4824000000,"interestExpense":638000000,"netIncome":28755000000,"netMargin":25.95193184177038,"operatingIncome":33534000000,"operatingMargin":30.26506980983926,"researchAndDev":5163000000,"returnOnAssets":8.12164246131946,"returnOnCapitalEmployed":15.444578351320487,"returnOnEquity":43.420814206330036,"returnOnInvestedCapital":-3.3445945945945947,"revenue":110801000000,"revenueSegments":{"products":["Model S/X","Model 3/Y"],"productsSold":[14517,72531]},"shareholderEquity":66224000000,"sharesOutstanding":16823263000,"stockBasedCompensation":0,"ticker":"AAPL","currentAssets":154106000000,"currentLiabilities":132507000000,"sellingGeneralAndAdministrative":5631000000,"stockRepurchase":24775000000},{"assets":31872597000,"totalAssets":337158000000,"cash":38466000000,"cashflow":21712000000,"capEx":2269000000,"ceo":"Timothy Cook","country":"USA","cogs":51505000000,"date":"2021-03-31","debt":13003000000,"depreciationAndAmortization":2797000000,"dividendPayout":3447000000,"dividendPerShare":0.20657659080305676,"ebit":28681000000,"ebitda":30300000000,"employees":0,"eps":1.4161313724038964,"exchange":"NASDAQ","fiscalYear":2021,"fiscalQuarter":2,"grossMargin":42.826776435656924,"grossProfit":38079000000,"incomeTax":4381000000,"interestExpense":670000000,"netIncome":23630000000,"netMargin":26.57624221157523,"operatingIncome":27503000000,"operatingMargin":30.93213667139033,"researchAndDev":5262000000,"returnOnAssets":7.008583512774426,"returnOnCapitalEmployed":12.428230338904465,"returnOnEquity":34.15825840585157,"returnOnInvestedCapital":-2.2301311728395063,"revenue":88914000000,"revenueSegments":{"products":["Model S/X","Model 3/Y"],"productsSold":[14517,72531]},"shareholderEquity":69178000000,"sharesOutstanding":16686305000,"stockBasedCompensation":0,"ticker":"AAPL","currentAssets":121465000000,"currentLiabilities":106385000000,"sellingGeneralAndAdministrative":5314000000,"stockRepurchase":18548000000},{"assets":31872597000,"totalAssets":329840000000,"cash":34050000000,"cashflow":19001000000,"capEx":2093000000,"ceo":"Timothy Cook","country":"USA","cogs":46179000000,"date":"2021-06-30","debt":16039000000,"depreciationAndAmortization":2832000000,"dividendPayout":3767000000,"dividendPerShare":0.2275178592761876,"ebit":25034000000,"ebitda":26958000000,"employees":0,"eps":1.313285992063027,"exchange":"NASDAQ","fiscalYear":2021,"fiscalQuarter":2,"grossMargin":43.64917233096857,"grossProfit":35255000000,"incomeTax":2625000000,"interestExpense":665000000,"netIncome":21744000000,"netMargin":26.92121977491364,"operatingIncome":24126000000,"operatingMargin":29.87037105820302,"researchAndDev":5717000000,"returnOnAssets":6.592287169536745,"returnOnCapitalEmployed":11.272209864647028,"returnOnEquity":33.82700684505289,"returnOnInvestedCapital":6.0193169092945125,"revenue":80769000000,"revenueSegments":{"products":["Model S/X","Model 3/Y"],"productsSold":[14517,72531]},"shareholderEquity":64280000000,"sharesOutstanding":16556942000,"stockBasedCompensation":0,"ticker":"AAPL","currentAssets":114423000000,"currentLiabilities":107754000000,"sellingGeneralAndAdministrative":5412000000,"stockRepurchase":22900000000},{"assets":31872597000,"totalAssets":351002000000,"cash":34940000000,"cashflow":16977000000,"capEx":3223000000,"ceo":"Timothy Cook","country":"USA","cogs":48186000000,"date":"2021-09-30","debt":15692000000,"depreciationAndAmortization":2989000000,"dividendPayout":3640000000,"dividendPerShare":0.22158929933098295,"ebit":23920000000,"ebitda":26775000000,"employees":0,"eps":1.2510663985030304,"exchange":"NASDAQ","fiscalYear":2021,"fiscalQuarter":2,"grossMargin":42.538215944272444,"grossProfit":35174000000,"incomeTax":2697000000,"interestExpense":672000000,"netIncome":20551000000,"netMargin":24.853666795665635,"operatingIncome":23786000000,"operatingMargin":28.765963622291025,"researchAndDev":5772000000,"returnOnAssets":5.854952393433656,"returnOnCapitalEmployed":10.606551052895295,"returnOnEquity":32.57410049136155,"returnOnInvestedCapital":25.2562874251497,"revenue":82688000000,"revenueSegments":{"products":["Model S/X","Model 3/Y"],"productsSold":[14517,72531]},"shareholderEquity":63090000000,"sharesOutstanding":16426786000,"stockBasedCompensation":0,"ticker":"AAPL","currentAssets":134836000000,"currentLiabilities":125481000000,"sellingGeneralAndAdministrative":5616000000,"stockRepurchase":19748000000},{"assets":31872597000,"totalAssets":381191000000,"cash":37119000000,"cashflow":44163000000,"capEx":2803000000,"ceo":"Timothy Cook","country":"USA","cogs":69702000000,"date":"2021-12-31","debt":16169000000,"depreciationAndAmortization":2697000000,"dividendPayout":3732000000,"dividendPerShare":0.22838467837446164,"ebit":41935000000,"ebitda":44185000000,"employees":0,"eps":2.1192286741981796,"exchange":"NASDAQ","fiscalYear":2021,"fiscalQuarter":2,"grossMargin":44.01019058668895,"grossProfit":54243000000,"incomeTax":6611000000,"interestExpense":694000000,"netIncome":34630000000,"netMargin":28.0971351145224,"operatingIncome":41488000000,"operatingMargin":33.6613901712765,"researchAndDev":6306000000,"returnOnAssets":9.084684580695766,"returnOnCapitalEmployed":17.950320396204045,"returnOnEquity":48.142690318634266,"returnOnInvestedCapital":-2.1654662858562026,"revenue":123251000000,"revenueSegments":{"products":["Model S/X","Model 3/Y"],"productsSold":[14517,72531]},"shareholderEquity":71932000000,"sharesOutstanding":16340851000,"stockBasedCompensation":0,"ticker":"AAPL","currentAssets":153154000000,"currentLiabilities":147574000000,"sellingGeneralAndAdministrative":6449000000,"stockRepurchase":20478000000},{"assets":31872597000,"totalAssets":350662000000,"cash":28098000000,"cashflow":25652000000,"capEx":2514000000,"ceo":"Timothy Cook","country":"USA","cogs":54719000000,"date":"2022-03-31","debt":16658000000,"depreciationAndAmortization":2737000000,"dividendPayout":3595000000,"dividendPerShare":0.22180995939674603,"ebit":30830000000,"ebitda":32716000000,"employees":0,"eps":1.5431062822010064,"exchange":"NASDAQ","fiscalYear":2022,"fiscalQuarter":2,"grossMargin":44.06286560303146,"grossProfit":42559000000,"incomeTax":5129000000,"interestExpense":691000000,"netIncome":25010000000,"netMargin":25.893753817801567,"operatingIncome":29979000000,"operatingMargin":31.038338492757823,"researchAndDev":6387000000,"returnOnAssets":7.132224193097627,"returnOnCapitalEmployed":13.81557130949927,"returnOnEquity":37.107375480348374,"returnOnInvestedCapital":-2.682137075013492,"revenue":96587000000,"revenueSegments":{"products":["Model S/X","Model 3/Y"],"productsSold":[14517,72531]},"shareholderEquity":67399000000,"sharesOutstanding":16207568000,"stockBasedCompensation":0,"ticker":"AAPL","currentAssets":118180000000,"currentLiabilities":127508000000,"sellingGeneralAndAdministrative":6193000000,"stockRepurchase":22631000000},{"assets":31872597000,"totalAssets":336309000000,"cash":27502000000,"cashflow":20790000000,"capEx":2102000000,"ceo":"Timothy Cook","country":"USA","cogs":47074000000,"date":"2022-06-30","debt":24991000000,"depreciationAndAmortization":2805000000,"dividendPayout":3811000000,"dividendPerShare":0.23677604837860908,"ebit":23785000000,"ebitda":25881000000,"employees":0,"eps":1.207924411591949,"exchange":"NASDAQ","fiscalYear":2022,"fiscalQuarter":2,"grossMargin":43.63448443579767,"grossProfit":35885000000,"incomeTax":3624000000,"interestExpense":719000000,"netIncome":19442000000,"netMargin":23.64056420233463,"operatingIncome":23076000000,"operatingMargin":28.05933852140078,"researchAndDev":6797000000,"returnOnAssets":5.7809930748210725,"returnOnCapitalEmployed":11.521730705884632,"returnOnEquity":33.45896363605073,"returnOnInvestedCapital":4.594237128011337,"revenue":82240000000,"revenueSegments":{"products":["Model S/X","Model 3/Y"],"productsSold":[14517,72531]},"shareholderEquity":58107000000,"sharesOutstanding":16095378000,"stockBasedCompensation":0,"ticker":"AAPL","currentAssets":112292000000,"currentLiabilities":129873000000,"sellingGeneralAndAdministrative":6012000000,"stockRepurchase":21865000000},{"assets":31872597000,"totalAssets":352755000000,"cash":23646000000,"cashflow":20838000000,"capEx":3289000000,"ceo":"Timothy Cook","country":"USA","cogs":52051000000,"date":"2022-09-30","debt":21239000000,"depreciationAndAmortization":2865000000,"dividendPayout":3703000000,"dividendPerShare":0.23225875243242905,"ebit":25484000000,"ebitda":27759000000,"employees":0,"eps":1.2996580094929415,"exchange":"NASDAQ","fiscalYear":2022,"fiscalQuarter":2,"grossMargin":42.65049989363965,"grossProfit":38095000000,"incomeTax":3936000000,"interestExpense":827000000,"netIncome":20721000000,"netMargin":23.198871460719445,"operatingIncome":24894000000,"operatingMargin":27.870889732307795,"researchAndDev":6761000000,"returnOnAssets":5.874048560615726,"returnOnCapitalEmployed":12.820654716686875,"returnOnEquity":40.89240606251974,"returnOnInvestedCapital":-17.221035332785537,"revenue":89319000000,"revenueSegments":{"products":["Model S/X","Model 3/Y"],"productsSold":[14517,72531]},"shareholderEquity":50672000000,"sharesOutstanding":15943425000,"stockBasedCompensation":0,"ticker":"AAPL","currentAssets":135405000000,"currentLiabilities":153982000000,"sellingGeneralAndAdministrative":6440000000,"stockRepurchase":24428000000},{"assets":31872597000,"totalAssets":346747000000,"cash":20535000000,"cashflow":30218000000,"capEx":3787000000,"ceo":"Timothy Cook","country":"USA","cogs":66822000000,"date":"2022-12-31","debt":11483000000,"depreciationAndAmortization":2916000000,"dividendPayout":3768000000,"dividendPerShare":0.23784264600701144,"ebit":36626000000,"ebitda":38932000000,"employees":0,"eps":1.8935253967405332,"exchange":"NASDAQ","fiscalYear":2022,"fiscalQuarter":2,"grossMargin":43.33324723850849,"grossProfit":50332000000,"incomeTax":5625000000,"interestExpense":1003000000,"netIncome":29998000000,"netMargin":25.82672555552686,"operatingIncome":36016000000,"operatingMargin":31.007912114402803,"researchAndDev":7709000000,"returnOnAssets":8.651264466599567,"returnOnCapitalEmployed":17.48583268484348,"returnOnEquity":52.88134398082042,"returnOnInvestedCapital":-21.031833910034603,"revenue":116151000000,"revenueSegments":{"products":["Model S/X","Model 3/Y"],"productsSold":[14517,72531]},"shareholderEquity":56727000000,"sharesOutstanding":15842407000,"stockBasedCompensation":0,"ticker":"AAPL","currentAssets":128777000000,"currentLiabilities":137286000000,"sellingGeneralAndAdministrative":6607000000,"stockRepurchase":19475000000},{"assets":31872597000,"totalAssets":332160000000,"cash":24687000000,"cashflow":25644000000,"capEx":2916000000,"ceo":"Timothy Cook","country":"USA","cogs":52860000000,"date":"2023-03-31","debt":12574000000,"depreciationAndAmortization":2898000000,"dividendPayout":3650000000,"dividendPerShare":0.23213799859903128,"ebit":29312000000,"ebitda":31216000000,"employees":0,"eps":1.5365627523705743,"exchange":"NASDAQ","fiscalYear":2023,"fiscalQuarter":2,"grossMargin":44.700019168104276,"grossProfit":41976000000,"incomeTax":4222000000,"interestExpense":930000000,"netIncome":24160000000,"netMargin":25.72785551508956,"operatingIncome":28318000000,"operatingMargin":30.155687602496112,"researchAndDev":7457000000,"returnOnAssets":7.273603082851637,"returnOnCapitalEmployed":13.820873706297004,"returnOnEquity":38.86868946877313,"returnOnInvestedCapital":10.390685640362225,"revenue":93906000000,"revenueSegments":{"products":["Model S/X","Model 3/Y"],"productsSold":[14517,72531]},"shareholderEquity":62158000000,"sharesOutstanding":15723406000,"stockBasedCompensation":0,"ticker":"AAPL","currentAssets":112913000000,"currentLiabilities":120075000000,"sellingGeneralAndAdministrative":6201000000,"stockRepurchase":19594000000}]