[
  {
    "assets": 31872597000,
    "totalAssets": 27910000000,
    "cash": 2236424000,
    "cashflow": -739477000,
    "capEx": 609813000,
    "ceo": "Elon R. Musk",
    "country": "USA",
    "cogs": 2860012000,
    "date": "2018-06-30",
    "debt": 1838909000,
    "depreciationAndAmortization": 485255000,
    "dividendPayout": null,
    "dividendPerShare": null,
    "ebit": -540711000,
    "ebitda": 23272000,
    "employees": 0,
    "eps": -4.21,
    "exchange": "NASDAQ",
    "fiscalYear": 2018,
    "fiscalQuarter": 2,
    "grossMargin": 15.47,
    "grossProfit": 619000000,
    "incomeTax": 13707000,
    "interestExpense": 163582000,
    "netIncome": -718000000,
    "netMargin": -17.94,
    "operatingIncome": -621392000,
    "operatingMargin": -15.53,
    "researchAndDev": 386129000,
    "returnOnAssets": -2.57,
    "returnOnCapitalEmployed": -2.88,
    "returnOnEquity": "-18.38",
    "returnOnInvestedCapital": null,
    "revenue": 4002000000,
    "revenueSegments": {
      "products": [
        "Model S/X",
        "Model 3/Y"
      ],
      "productsSold": [
        14517,
        72531
      ]
    },
    "shareholderEquity": 3906421000,
    "sharesOutstanding": 170516000,
    "stockBasedCompensation": 0,
    "ticker": "TSLA",
    "currentAssets": 6699797000,
    "currentLiabilities": 9141362000,
    "sellingGeneralAndAdministrative": 750759000,
    "stockRepurchase": null
  },
  {
    "assets": 31872597000,
    "totalAssets": 29262713000,
    "cash": 2967000000,
    "cashflow": 880769000,
    "capEx": 510271000,
    "ceo": "Elon R. Musk",
    "country": "USA",
    "cogs": -5312887000,
    "date": "2018-09-30",
    "debt": 1833475000,
    "depreciationAndAmortization": 558792000,
    "dividendPayout": null,
    "dividendPerShare": null,
    "ebit": 503000000,
    "ebitda": 975549000,
    "employees": 0,
    "eps": 1.81,
    "exchange": "NASDAQ",
    "fiscalYear": 2018,
    "fiscalQuarter": 2,
    "grossMargin": 22.33,
    "grossProfit": 1524000000,
    "incomeTax": 17000000,
    "interestExpense": 175000000,
    "netIncome": 311000000,
    "netMargin": 4.56,
    "operatingIncome": 416000000,
    "operatingMargin": 6.1,
    "researchAndDev": 351000000,
    "returnOnAssets": 1.06,
    "returnOnCapitalEmployed": 2.58,
    "returnOnEquity": "6.90",
    "returnOnInvestedCapital": null,
    "revenue": 6824000000,
    "revenueSegments": {
      "products": [
        "Model S/X",
        "Model 3/Y"
      ],
      "productsSold": [
        14517,
        72531
      ]
    },
    "shareholderEquity": 4508838000,
    "sharesOutstanding": 171578000,
    "stockBasedCompensation": 0,
    "ticker": "TSLA",
    "currentAssets": 7920491000,
    "currentLiabilities": 9775324000,
    "sellingGeneralAndAdministrative": 730000000,
    "stockRepurchase": null
  },
  {
    "assets": 31872597000,
    "totalAssets": 29740000000,
    "cash": 3686000000,
    "cashflow": 910022000,
    "capEx": 324978000,
    "ceo": "Elon R. Musk",
    "country": "USA",
    "cogs": 25289000,
    "date": "2018-12-31",
    "debt": 2222000000,
    "depreciationAndAmortization": 495495000,
    "dividendPayout": null,
    "dividendPerShare": null,
    "ebit": 337000000,
    "ebitda": 909031000,
    "employees": 0,
    "eps": 0.81,
    "exchange": "NASDAQ",
    "fiscalYear": 2018,
    "fiscalQuarter": 2,
    "grossMargin": 19.97,
    "grossProfit": 1443000000,
    "incomeTax": 22000000,
    "interestExpense": 175000000,
    "netIncome": 140000000,
    "netMargin": 1.94,
    "operatingIncome": 414000000,
    "operatingMargin": 5.73,
    "researchAndDev": 356000000,
    "returnOnAssets": 0.47,
    "returnOnCapitalEmployed": 1.71,
    "returnOnEquity": "2.84",
    "returnOnInvestedCapital": null,
    "revenue": 7226000000,
    "revenueSegments": {
      "products": [
        "Model S/X",
        "Model 3/Y"
      ],
      "productsSold": [
        14517,
        72531
      ]
    },
    "shareholderEquity": 4923000000,
    "sharesOutstanding": 172603000,
    "stockBasedCompensation": 0,
    "ticker": "TSLA",
    "currentAssets": 8307000000,
    "currentLiabilities": 9993000000,
    "sellingGeneralAndAdministrative": 668000000,
    "stockRepurchase": null
  },
  {
    "assets": 31872597000,
    "totalAssets": 28912524000,
    "cash": 2198000000,
    "cashflow": -919932000,
    "capEx": 279932000,
    "ceo": "Elon R. Musk",
    "country": "USA",
    "cogs": 80843000,
    "date": "2019-03-31",
    "debt": 1352596000,
    "depreciationAndAmortization": 467577000,
    "dividendPayout": 85257000,
    "dividendPerShare": 0.4908798839257954,
    "ebit": -521000000,
    "ebitda": 23729000,
    "employees": 0,
    "eps": -4.04,
    "exchange": "NASDAQ",
    "fiscalYear": 2019,
    "fiscalQuarter": 2,
    "grossMargin": 12.46,
    "grossProfit": 566000000,
    "incomeTax": 23000000,
    "interestExpense": 158000000,
    "netIncome": -702000000,
    "netMargin": -15.46,
    "operatingIncome": -522000000,
    "operatingMargin": -11.5,
    "researchAndDev": 340000000,
    "returnOnAssets": -2.43,
    "returnOnCapitalEmployed": -2.65,
    "returnOnEquity": "-15.24",
    "returnOnInvestedCapital": null,
    "revenue": 4541000000,
    "revenueSegments": {
      "products": [
        "Model S/X",
        "Model 3/Y"
      ],
      "productsSold": [
        14517,
        72531
      ]
    },
    "shareholderEquity": 4605596000,
    "sharesOutstanding": 173682000,
    "stockBasedCompensation": 0,
    "ticker": "TSLA",
    "currentAssets": 7677822000,
    "currentLiabilities": 9242800000,
    "sellingGeneralAndAdministrative": 704000000,
    "stockRepurchase": null
  },
  {
    "assets": 31872597000,
    "totalAssets": 31872597000,
    "cash": 4955000000,
    "cashflow": 608990000,
    "capEx": 255010000,
    "ceo": "Elon R. Musk",
    "country": "USA",
    "cogs": 34829000,
    "date": "2019-06-30",
    "debt": 1459828000,
    "depreciationAndAmortization": 578572000,
    "dividendPayout": 63502000,
    "dividendPerShare": 0.3545260666153039,
    "ebit": -217000000,
    "ebitda": 498065000,
    "employees": 0,
    "eps": -2.28,
    "exchange": "NASDAQ",
    "fiscalYear": 2019,
    "fiscalQuarter": 2,
    "grossMargin": 14.5,
    "grossProfit": 921000000,
    "incomeTax": 19000000,
    "interestExpense": 172000000,
    "netIncome": -408000000,
    "netMargin": -6.43,
    "operatingIncome": -167000000,
    "operatingMargin": -2.63,
    "researchAndDev": 324000000,
    "returnOnAssets": -1.28,
    "returnOnCapitalEmployed": -0.97,
    "returnOnEquity": "-7.14",
    "returnOnInvestedCapital": null,
    "revenue": 6350000000,
    "revenueSegments": {
      "products": [
        "Model S/X",
        "Model 3/Y"
      ],
      "productsSold": [
        14517,
        72531
      ]
    },
    "shareholderEquity": 5715393000,
    "sharesOutstanding": 179118000,
    "stockBasedCompensation": 0,
    "ticker": "TSLA",
    "currentAssets": 10181952000,
    "currentLiabilities": 9588773000,
    "sellingGeneralAndAdministrative": 647000000,
    "stockRepurchase": null
  },
  {
    "assets": 31872597000,
    "totalAssets": 32795000000,
    "cash": 5338000000,
    "cashflow": 370942000,
    "capEx": 385058000,
    "ceo": "Elon R. Musk",
    "country": "USA",
    "cogs": 51328000,
    "date": "2019-09-30",
    "debt": 1643000000,
    "depreciationAndAmortization": 78000000,
    "dividendPayout": null,
    "dividendPerShare": null,
    "ebit": 354000000,
    "ebitda": 432000000,
    "employees": 0,
    "eps": 0.79,
    "exchange": "NASDAQ",
    "fiscalYear": 2019,
    "fiscalQuarter": 2,
    "grossMargin": 18.9,
    "grossProfit": 1191000000,
    "incomeTax": 26000000,
    "interestExpense": 185000000,
    "netIncome": 143000000,
    "netMargin": 2.27,
    "operatingIncome": 261000000,
    "operatingMargin": 4.14,
    "researchAndDev": 334000000,
    "returnOnAssets": 0.44,
    "returnOnCapitalEmployed": 1.56,
    "returnOnEquity": "2.37",
    "returnOnInvestedCapital": null,
    "revenue": 6303000000,
    "revenueSegments": {
      "products": [
        "Model S/X",
        "Model 3/Y"
      ],
      "productsSold": [
        14517,
        72531
      ]
    },
    "shareholderEquity": 6040000000,
    "sharesOutstanding": 180000000,
    "stockBasedCompensation": 0,
    "ticker": "TSLA",
    "currentAssets": 10940000000,
    "currentLiabilities": 10146000000,
    "sellingGeneralAndAdministrative": 596000000,
    "stockRepurchase": null
  },
  {
    "assets": 31872597000,
    "totalAssets": 34309000000,
    "cash": 6268000000,
    "cashflow": 1013000000,
    "capEx": 412000000,
    "ceo": "Elon R. Musk",
    "country": "USA",
    "cogs": 26000000,
    "date": "2019-12-31",
    "debt": 1399000000,
    "depreciationAndAmortization": 133000000,
    "dividendPayout": null,
    "dividendPerShare": null,
    "ebit": 317000000,
    "ebitda": 450000000,
    "employees": 0,
    "eps": 0.58,
    "exchange": "NASDAQ",
    "fiscalYear": 2019,
    "fiscalQuarter": 2,
    "grossMargin": 18.84,
    "grossProfit": 1391000000,
    "incomeTax": 42000000,
    "interestExpense": 170000000,
    "netIncome": 105000000,
    "netMargin": 1.42,
    "operatingIncome": 359000000,
    "operatingMargin": 4.86,
    "researchAndDev": 345000000,
    "returnOnAssets": 0.31,
    "returnOnCapitalEmployed": 1.34,
    "returnOnEquity": "1.59",
    "returnOnInvestedCapital": null,
    "revenue": 7384000000,
    "revenueSegments": {
      "products": [
        "Model S/X",
        "Model 3/Y"
      ],
      "productsSold": [
        14517,
        72531
      ]
    },
    "shareholderEquity": 6618000000,
    "sharesOutstanding": 181000000,
    "stockBasedCompensation": 0,
    "ticker": "TSLA",
    "currentAssets": 12103000000,
    "currentLiabilities": 10667000000,
    "sellingGeneralAndAdministrative": 699000000,
    "stockRepurchase": null
  },
  {
    "assets": 31872597000,
    "totalAssets": 37250000000,
    "cash": 8080000000,
    "cashflow": -895000000,
    "capEx": 455000000,
    "ceo": "Elon R. Musk",
    "country": "USA",
    "cogs": 45000000,
    "date": "2020-03-31",
    "debt": 2851000000,
    "depreciationAndAmortization": 553000000,
    "dividendPayout": null,
    "dividendPerShare": null,
    "ebit": 187000000,
    "ebitda": 792000000,
    "employees": 0,
    "eps": 0.09,
    "exchange": "NASDAQ",
    "fiscalYear": 2020,
    "fiscalQuarter": 2,
    "grossMargin": 20.62,
    "grossProfit": 1234000000,
    "incomeTax": 2000000,
    "interestExpense": 169000000,
    "netIncome": 16000000,
    "netMargin": 0.27,
    "operatingIncome": 283000000,
    "operatingMargin": 4.73,
    "researchAndDev": 324000000,
    "returnOnAssets": 0.04,
    "returnOnCapitalEmployed": 0.74,
    "returnOnEquity": "0.17",
    "returnOnInvestedCapital": null,
    "revenue": 5985000000,
    "revenueSegments": {
      "products": [
        "Model S/X",
        "Model 3/Y"
      ],
      "productsSold": [
        14517,
        72531
      ]
    },
    "shareholderEquity": 9173000000,
    "sharesOutstanding": 185000000,
    "stockBasedCompensation": 0,
    "ticker": "TSLA",
    "currentAssets": 14893000000,
    "currentLiabilities": 11986000000,
    "sellingGeneralAndAdministrative": 627000000,
    "stockRepurchase": null
  },
  {
    "assets": 31872597000,
    "totalAssets": 38135000000,
    "cash": 8615000000,
    "cashflow": 418000000,
    "capEx": 546000000,
    "ceo": "Elon R. Musk",
    "country": "USA",
    "cogs": 43000000,
    "date": "2020-06-30",
    "debt": 3317000000,
    "depreciationAndAmortization": 560000000,
    "dividendPayout": null,
    "dividendPerShare": null,
    "ebit": 295000000,
    "ebitda": 887000000,
    "employees": 0,
    "eps": 0.56,
    "exchange": "NASDAQ",
    "fiscalYear": 2020,
    "fiscalQuarter": 2,
    "grossMargin": 20.99,
    "grossProfit": 1267000000,
    "incomeTax": 21000000,
    "interestExpense": 170000000,
    "netIncome": 104000000,
    "netMargin": 1.72,
    "operatingIncome": 327000000,
    "operatingMargin": 5.42,
    "researchAndDev": 279000000,
    "returnOnAssets": 0.27,
    "returnOnCapitalEmployed": 1.14,
    "returnOnEquity": "1.06",
    "returnOnInvestedCapital": null,
    "revenue": 6036000000,
    "revenueSegments": {
      "products": [
        "Model S/X",
        "Model 3/Y"
      ],
      "productsSold": [
        14517,
        72531
      ]
    },
    "shareholderEquity": 9855000000,
    "sharesOutstanding": 186000000,
    "stockBasedCompensation": 0,
    "ticker": "TSLA",
    "currentAssets": 15336000000,
    "currentLiabilities": 12270000000,
    "sellingGeneralAndAdministrative": 661000000,
    "stockRepurchase": null
  },
  {
    "assets": 31872597000,
    "totalAssets": 45691000000,
    "cash": 14531000000,
    "cashflow": 1390000000,
    "capEx": 1010000000,
    "ceo": "Elon R. Musk",
    "country": "USA",
    "cogs": 41000000,
    "date": "2020-09-30",
    "debt": 2766000000,
    "depreciationAndAmortization": 493000000,
    "dividendPayout": null,
    "dividendPerShare": null,
    "ebit": 680000000,
    "ebitda": 1302000000,
    "employees": 0,
    "eps": 0.35,
    "exchange": "NASDAQ",
    "fiscalYear": 2020,
    "fiscalQuarter": 2,
    "grossMargin": 23.52,
    "grossProfit": 2063000000,
    "incomeTax": 186000000,
    "interestExpense": 163000000,
    "netIncome": 331000000,
    "netMargin": 3.77,
    "operatingIncome": 809000000,
    "operatingMargin": 9.22,
    "researchAndDev": 366000000,
    "returnOnAssets": 0.72,
    "returnOnCapitalEmployed": 2.1,
    "returnOnEquity": "2.06",
    "returnOnInvestedCapital": null,
    "revenue": 8771000000,
    "revenueSegments": {
      "products": [
        "Model S/X",
        "Model 3/Y"
      ],
      "productsSold": [
        14517,
        72531
      ]
    },
    "shareholderEquity": 16031000000,
    "sharesOutstanding": 948000000,
    "stockBasedCompensation": 0,
    "ticker": "TSLA",
    "currentAssets": 21744000000,
    "currentLiabilities": 13302000000,
    "sellingGeneralAndAdministrative": 888000000,
    "stockRepurchase": null
  },
  {
    "assets": 31872597000,
    "totalAssets": 52148000000,
    "cash": 19384000000,
    "cashflow": 1863000000,
    "capEx": 1156000000,
    "ceo": "Elon R. Musk",
    "country": "USA",
    "cogs": 149000000,
    "date": "2020-12-31",
    "debt": 1758000000,
    "depreciationAndAmortization": 668000000,
    "dividendPayout": null,
    "dividendPerShare": null,
    "ebit": 599000000,
    "ebitda": 1243000000,
    "employees": 0,
    "eps": 0.28,
    "exchange": "NASDAQ",
    "fiscalYear": 2020,
    "fiscalQuarter": 2,
    "grossMargin": 19.23,
    "grossProfit": 2066000000,
    "incomeTax": 83000000,
    "interestExpense": 246000000,
    "netIncome": 270000000,
    "netMargin": 2.51,
    "operatingIncome": 575000000,
    "operatingMargin": 5.35,
    "researchAndDev": 522000000,
    "returnOnAssets": 0.52,
    "returnOnCapitalEmployed": 1.58,
    "returnOnEquity": "1.21",
    "returnOnInvestedCapital": null,
    "revenue": 10744000000,
    "revenueSegments": {
      "products": [
        "Model S/X",
        "Model 3/Y"
      ],
      "productsSold": [
        14517,
        72531
      ]
    },
    "shareholderEquity": 22225000000,
    "sharesOutstanding": 960000000,
    "stockBasedCompensation": 0,
    "ticker": "TSLA",
    "currentAssets": 26717000000,
    "currentLiabilities": 14248000000,
    "sellingGeneralAndAdministrative": 969000000,
    "stockRepurchase": null
  },
  {
    "assets": 31872597000,
    "totalAssets": 52972000000,
    "cash": 17141000000,
    "cashflow": -1207000000,
    "capEx": 2848000000,
    "ceo": "Elon R. Musk",
    "country": "USA",
    "cogs": 75000000,
    "date": "2021-03-31",
    "debt": 1415000000,
    "depreciationAndAmortization": 558000000,
    "dividendPayout": null,
    "dividendPerShare": null,
    "ebit": 606000000,
    "ebitda": 1152000000,
    "employees": 0,
    "eps": 0.45,
    "exchange": "NASDAQ",
    "fiscalYear": 2021,
    "fiscalQuarter": 2,
    "grossMargin": 21.32,
    "grossProfit": 2215000000,
    "incomeTax": 69000000,
    "interestExpense": 99000000,
    "netIncome": 438000000,
    "netMargin": 4.22,
    "operatingIncome": 594000000,
    "operatingMargin": 5.72,
    "researchAndDev": 666000000,
    "returnOnAssets": 0.83,
    "returnOnCapitalEmployed": 1.59,
    "returnOnEquity": "1.90",
    "returnOnInvestedCapital": null,
    "revenue": 10389000000,
    "revenueSegments": {
      "products": [
        "Model S/X",
        "Model 3/Y"
      ],
      "productsSold": [
        14517,
        72531
      ]
    },
    "shareholderEquity": 23017000000,
    "sharesOutstanding": 963000000,
    "stockBasedCompensation": 0,
    "ticker": "TSLA",
    "currentAssets": 24705000000,
    "currentLiabilities": 14877000000,
    "sellingGeneralAndAdministrative": 1056000000,
    "stockRepurchase": null
  },
  {
    "assets": 31872597000,
    "totalAssets": 55146000000,
    "cash": 16229000000,
    "cashflow": 619000000,
    "capEx": 1505000000,
    "ceo": "Elon R. Musk",
    "country": "USA",
    "cogs": 36000000,
    "date": "2021-06-30",
    "debt": 1082000000,
    "depreciationAndAmortization": 760000000,
    "dividendPayout": null,
    "dividendPerShare": null,
    "ebit": 1332000000,
    "ebitda": 2072000000,
    "employees": 0,
    "eps": 1.16,
    "exchange": "NASDAQ",
    "fiscalYear": 2021,
    "fiscalQuarter": 2,
    "grossMargin": 24.12,
    "grossProfit": 2884000000,
    "incomeTax": 115000000,
    "interestExpense": 75000000,
    "netIncome": 1142000000,
    "netMargin": 9.55,
    "operatingIncome": 1312000000,
    "operatingMargin": 10.97,
    "researchAndDev": 576000000,
    "returnOnAssets": 2.07,
    "returnOnCapitalEmployed": 3.44,
    "returnOnEquity": "4.60",
    "returnOnInvestedCapital": null,
    "revenue": 11958000000,
    "revenueSegments": {
      "products": [
        "Model S/X",
        "Model 3/Y"
      ],
      "productsSold": [
        14517,
        72531
      ]
    },
    "shareholderEquity": 24804000000,
    "sharesOutstanding": 984000000,
    "stockBasedCompensation": 0,
    "ticker": "TSLA",
    "currentAssets": 24693000000,
    "currentLiabilities": 16371000000,
    "sellingGeneralAndAdministrative": 973000000,
    "stockRepurchase": null
  },
  {
    "assets": 31872597000,
    "totalAssets": 57834000000,
    "cash": 16065000000,
    "cashflow": 1328000000,
    "capEx": 1819000000,
    "ceo": "Elon R. Musk",
    "country": "USA",
    "cogs": 35000000,
    "date": "2021-09-30",
    "debt": 1207000000,
    "depreciationAndAmortization": 816000000,
    "dividendPayout": null,
    "dividendPerShare": null,
    "ebit": 1967000000,
    "ebitda": 2820000000,
    "employees": 0,
    "eps": 1.61,
    "exchange": "NASDAQ",
    "fiscalYear": 2021,
    "fiscalQuarter": 2,
    "grossMargin": 26.6,
    "grossProfit": 3660000000,
    "incomeTax": 223000000,
    "interestExpense": 126000000,
    "netIncome": 1618000000,
    "netMargin": 11.76,
    "operatingIncome": 2004000000,
    "operatingMargin": 14.57,
    "researchAndDev": 611000000,
    "returnOnAssets": 2.8,
    "returnOnCapitalEmployed": 4.94,
    "returnOnEquity": "5.98",
    "returnOnInvestedCapital": null,
    "revenue": 13757000000,
    "revenueSegments": {
      "products": [
        "Model S/X",
        "Model 3/Y"
      ],
      "productsSold": [
        14517,
        72531
      ]
    },
    "shareholderEquity": 27053000000,
    "sharesOutstanding": 1004000000,
    "stockBasedCompensation": 0,
    "ticker": "TSLA",
    "currentAssets": 25002000000,
    "currentLiabilities": 18051000000,
    "sellingGeneralAndAdministrative": 994000000,
    "stockRepurchase": null
  },
  {
    "assets": 31872597000,
    "totalAssets": 62131000000,
    "cash": 17576000000,
    "cashflow": 2775000000,
    "capEx": 1810000000,
    "ceo": "Elon R. Musk",
    "country": "USA",
    "cogs": 149000000,
    "date": "2021-12-31",
    "debt": 1088000000,
    "depreciationAndAmortization": 848000000,
    "dividendPayout": null,
    "dividendPerShare": null,
    "ebit": 2684000000,
    "ebitda": 3554000000,
    "employees": 0,
    "eps": 2.25,
    "exchange": "NASDAQ",
    "fiscalYear": 2021,
    "fiscalQuarter": 2,
    "grossMargin": 27.35,
    "grossProfit": 4847000000,
    "incomeTax": 292000000,
    "interestExpense": 71000000,
    "netIncome": 2321000000,
    "netMargin": 13.1,
    "operatingIncome": 2613000000,
    "operatingMargin": 14.75,
    "researchAndDev": 740000000,
    "returnOnAssets": 3.74,
    "returnOnCapitalEmployed": 6.33,
    "returnOnEquity": "7.69",
    "returnOnInvestedCapital": null,
    "revenue": 17719000000,
    "revenueSegments": {
      "products": [
        "Model S/X",
        "Model 3/Y"
      ],
      "productsSold": [
        14517,
        72531
      ]
    },
    "shareholderEquity": 30189000000,
    "sharesOutstanding": 1033000000,
    "stockBasedCompensation": 0,
    "ticker": "TSLA",
    "currentAssets": 27100000000,
    "currentLiabilities": 19705000000,
    "sellingGeneralAndAdministrative": 1494000000,
    "stockRepurchase": null
  },
  {
    "assets": 31872597000,
    "totalAssets": 66038000000,
    "cash": 17505000000,
    "cashflow": 2228000000,
    "capEx": 1767000000,
    "ceo": "Elon R. Musk",
    "country": "USA",
    "cogs": 197000000,
    "date": "2022-03-31",
    "debt": 1168000000,
    "depreciationAndAmortization": 964000000,
    "dividendPayout": null,
    "dividendPerShare": null,
    "ebit": 3725000000,
    "ebitda": 4567000000,
    "employees": 0,
    "eps": 3.2,
    "exchange": "NASDAQ",
    "fiscalYear": 2022,
    "fiscalQuarter": 2,
    "grossMargin": 29.11,
    "grossProfit": 5460000000,
    "incomeTax": 346000000,
    "interestExpense": 61000000,
    "netIncome": 3318000000,
    "netMargin": 17.69,
    "operatingIncome": 3603000000,
    "operatingMargin": 19.21,
    "researchAndDev": 865000000,
    "returnOnAssets": 5.02,
    "returnOnCapitalEmployed": 8.36,
    "returnOnEquity": "9.73",
    "returnOnInvestedCapital": null,
    "revenue": 18756000000,
    "revenueSegments": {
      "products": [
        "Model S/X",
        "Model 3/Y"
      ],
      "productsSold": [
        14517,
        72531
      ]
    },
    "shareholderEquity": 34085000000,
    "sharesOutstanding": 1036000000,
    "stockBasedCompensation": 0,
    "ticker": "TSLA",
    "currentAssets": 29050000000,
    "currentLiabilities": 21455000000,
    "sellingGeneralAndAdministrative": 992000000,
    "stockRepurchase": null
  },
  {
    "assets": 31872597000,
    "totalAssets": 68513000000,
    "cash": 18324000000,
    "cashflow": -879000000,
    "capEx": 3230000000,
    "ceo": "Elon R. Musk",
    "country": "USA",
    "cogs": 82000000,
    "date": "2022-06-30",
    "debt": 1057000000,
    "depreciationAndAmortization": 1118000000,
    "dividendPayout": null,
    "dividendPerShare": null,
    "ebit": 2508000000,
    "ebitda": 3582000000,
    "employees": 0,
    "eps": 2.17,
    "exchange": "NASDAQ",
    "fiscalYear": 2022,
    "fiscalQuarter": 2,
    "grossMargin": 25,
    "grossProfit": 4234000000,
    "incomeTax": 205000000,
    "interestExpense": 44000000,
    "netIncome": 2259000000,
    "netMargin": 13.34,
    "operatingIncome": 2464000000,
    "operatingMargin": 14.55,
    "researchAndDev": 667000000,
    "returnOnAssets": 3.3,
    "returnOnCapitalEmployed": 5.37,
    "returnOnEquity": "6.21",
    "returnOnInvestedCapital": null,
    "revenue": 16934000000,
    "revenueSegments": {
      "products": [
        "Model S/X",
        "Model 3/Y"
      ],
      "productsSold": [
        14517,
        72531
      ]
    },
    "shareholderEquity": 36376000000,
    "sharesOutstanding": 1041000000,
    "stockBasedCompensation": 0,
    "ticker": "TSLA",
    "currentAssets": 31222000000,
    "currentLiabilities": 21821000000,
    "sellingGeneralAndAdministrative": 961000000,
    "stockRepurchase": null
  },
  {
    "assets": 31872597000,
    "totalAssets": 74426000000,
    "cash": 19532000000,
    "cashflow": 4797000000,
    "capEx": 303000000,
    "ceo": "Elon R. Musk",
    "country": "USA",
    "cogs": 97000000,
    "date": "2022-09-30",
    "debt": 979000000,
    "depreciationAndAmortization": 957000000,
    "dividendPayout": null,
    "dividendPerShare": null,
    "ebit": 3650000000,
    "ebitda": 4645000000,
    "employees": 0,
    "eps": 1.04,
    "exchange": "NASDAQ",
    "fiscalYear": 2022,
    "fiscalQuarter": 2,
    "grossMargin": 25.09,
    "grossProfit": 5382000000,
    "incomeTax": 305000000,
    "interestExpense": 53000000,
    "netIncome": 3292000000,
    "netMargin": 15.34,
    "operatingIncome": 3688000000,
    "operatingMargin": 17.19,
    "researchAndDev": 733000000,
    "returnOnAssets": 4.42,
    "returnOnCapitalEmployed": 7.33,
    "returnOnEquity": "8.26",
    "returnOnInvestedCapital": null,
    "revenue": 21454000000,
    "revenueSegments": {
      "products": [
        "Model S/X",
        "Model 3/Y"
      ],
      "productsSold": [
        14517,
        72531
      ]
    },
    "shareholderEquity": 39851000000,
    "sharesOutstanding": 3158000000,
    "stockBasedCompensation": 0,
    "ticker": "TSLA",
    "currentAssets": 35990000000,
    "currentLiabilities": 24611000000,
    "sellingGeneralAndAdministrative": 961000000,
    "stockRepurchase": null
  },
  {
    "assets": 31872597000,
    "totalAssets": 82338000000,
    "cash": 16253000000,
    "cashflow": 1420000000,
    "capEx": 1858000000,
    "ceo": "Elon R. Musk",
    "country": "USA",
    "cogs": 143000000,
    "date": "2022-12-31",
    "debt": 1016000000,
    "depreciationAndAmortization": 1138000000,
    "dividendPayout": null,
    "dividendPerShare": null,
    "ebit": 3996000000,
    "ebitda": 5039000000,
    "employees": 0,
    "eps": 1.17,
    "exchange": "NASDAQ",
    "fiscalYear": 2022,
    "fiscalQuarter": 2,
    "grossMargin": 23.76,
    "grossProfit": 5777000000,
    "incomeTax": 276000000,
    "interestExpense": 33000000,
    "netIncome": 3687000000,
    "netMargin": 15.16,
    "operatingIncome": 3901000000,
    "operatingMargin": 16.04,
    "researchAndDev": 810000000,
    "returnOnAssets": 4.48,
    "returnOnCapitalEmployed": 7.18,
    "returnOnEquity": "8.25",
    "returnOnInvestedCapital": null,
    "revenue": 24318000000,
    "revenueSegments": {
      "products": [
        "Model S/X",
        "Model 3/Y"
      ],
      "productsSold": [
        14517,
        72531
      ]
    },
    "shareholderEquity": 44704000000,
    "sharesOutstanding": 3164000000,
    "stockBasedCompensation": 0,
    "ticker": "TSLA",
    "currentAssets": 40917000000,
    "currentLiabilities": 26709000000,
    "sellingGeneralAndAdministrative": 1032000000,
    "stockRepurchase": null
  },
  {
    "assets": 31872597000,
    "totalAssets": 86833000000,
    "cash": 16048000000,
    "cashflow": 441000000,
    "capEx": 2072000000,
    "ceo": "Elon R. Musk",
    "country": "USA",
    "cogs": 126000000,
    "date": "2023-03-31",
    "debt": 935000000,
    "depreciationAndAmortization": 1211000000,
    "dividendPayout": null,
    "dividendPerShare": null,
    "ebit": 2803000000,
    "ebitda": 3875000000,
    "employees": 0,
    "eps": 0.79,
    "exchange": "NASDAQ",
    "fiscalYear": 2023,
    "fiscalQuarter": 2,
    "grossMargin": 19.34,
    "grossProfit": 4511000000,
    "incomeTax": 261000000,
    "interestExpense": 29000000,
    "netIncome": 2513000000,
    "netMargin": 10.77,
    "operatingIncome": 2664000000,
    "operatingMargin": 11.42,
    "researchAndDev": 771000000,
    "returnOnAssets": 2.89,
    "returnOnCapitalEmployed": 4.72,
    "returnOnEquity": "5.23",
    "returnOnInvestedCapital": null,
    "revenue": 23329000000,
    "revenueSegments": {
      "products": [
        "Model S/X",
        "Model 3/Y"
      ],
      "productsSold": [
        14517,
        72531
      ]
    },
    "shareholderEquity": 48054000000,
    "sharesOutstanding": 3169000000,
    "stockBasedCompensation": 0,
    "ticker": "TSLA",
    "currentAssets": 42997000000,
    "currentLiabilities": 27436000000,
    "sellingGeneralAndAdministrative": 1076000000,
    "stockRepurchase": null
  }
]