{
  "id": 0,
  "created_at": "2023-01-24 13:08:17.933984+00",
  "ticker": "tsla",
  "description": "",
  "companyName": "Tesla",
  "ceo": "Elon R. Musk",
  "website": "https://www.tesla.com/",
  "fundamentals": [
    {
      "ceo": "Elon R. Musk",
      "eps": -0.15197167565713815,
      "cash": 4954740000,
      "date": "2019-06-30",
      "debt": 9905847000,
      "ebit": -216924000,
      "capEx": 249609000,
      "assets": 31872597000,
      "ebitda": 417076000,
      "ticker": "TSLA",
      "revenue": 6349676000,
      "cashflow": -697067000,
      "employees": 0,
      "incomeTax": 19431000,
      "netIncome": -408334000,
      "netMargin": -6.430784814847246,
      "fiscalYear": 2019,
      "grossMargin": 0,
      "grossProfit": 921046000,
      "fiscalQuarter": 2,
      "researchAndDev": 323898000,
      "returnOnAssets": -0.012811444263547148,
      "returnOnEquity": -0.07144460582150694,
      "interestExpense": 171979000,
      "operatingIncome": -167458000,
      "operatingMargin": -0.0263726842125488,
      "revenueSegments": {
        "products": {
          "0": "Model S/X",
          "1": "Model 3/Y"
        },
        "productsSold": {
          "0": 14517,
          "1": 72531
        }
      },
      "dividendPerShare": 0,
      "shareholderEquity": 5715393000,
      "sharesOutstanding": 2686908585,
      "dividendPayoutRatio": 0,
      "stockBasedCompensation": 209863000,
      "returnOnCapitalEmployed": 0,
      "returnOnInvestedCapital": 0,
      "depreciationAndAmortization": 0
    },
    {
      "ceo": "Elon R. Musk",
      "eps": 0.08,
      "sec": "https://www.sec.gov/Archives/edgar/data//1318605/000156459019038256/tsla-10q_20190930.htm",
      "cash": 5338000000,
      "date": "Sep 30, 2019",
      "debt": 11313000000,
      "capEx": 385000000,
      "ebitda": 876000000,
      "ticker": "TSLA",
      "revenue": 6303000000,
      "cashflow": 756000000,
      "employees": 99000,
      "netIncome": 143000000,
      "netMargin": 2.29,
      "fiscalYear": 2019,
      "grossMargin": 18.9,
      "grossProfit": 1191000000,
      "fiscalQuarter": 3,
      "researchAndDev": 334000000,
      "returnOnAssets": 2.47,
      "returnOnEquity": 6.9,
      "operatingIncome": 261000000,
      "operatingMargin": 4.1,
      "revenueSegments": {
        "products": {
          "0": "Model S/X",
          "1": "Model 3/Y"
        },
        "productsSold": {
          "0": 17483,
          "1": 79703
        }
      },
      "dividendPerShare": 0,
      "sharesOutstanding": 2980000000,
      "dividendPayoutRatio": 0,
      "stockBasedCompensation": 199000000,
      "returnOnCapitalEmployed": 21.1,
      "returnOnInvestedCapital": 4.1
    },
    {
      "ceo": "Elon R. Musk",
      "eps": 0.08,
      "sec": "https://www.sec.gov/Archives/edgar/data//1318605/000156459020004475/tsla-10k_20191231.htm",
      "cash": 6268000000,
      "date": "Dec 31, 2019",
      "debt": 11634000000,
      "capEx": 412000000,
      "ebitda": 1175000000,
      "ticker": "TSLA",
      "revenue": 7384000000,
      "cashflow": 1425000000,
      "employees": 99000,
      "netIncome": 105000000,
      "netMargin": 2.29,
      "fiscalYear": 2019,
      "grossMargin": 18.8,
      "grossProfit": 1391000000,
      "fiscalQuarter": 4,
      "researchAndDev": 345000000,
      "returnOnAssets": 2.47,
      "returnOnEquity": 6.9,
      "operatingIncome": 359000000,
      "operatingMargin": 4.9,
      "revenueSegments": {
        "products": {
          "0": "Model S/X",
          "1": "Model 3/Y"
        },
        "productsSold": {
          "0": 19475,
          "1": 92620
        }
      },
      "dividendPerShare": 0,
      "sharesOutstanding": 2980000000,
      "dividendPayoutRatio": 0,
      "stockBasedCompensation": 281000000,
      "returnOnCapitalEmployed": 21.1,
      "returnOnInvestedCapital": 4.1
    },
    {
      "ceo": "Elon R. Musk",
      "eps": 0.08,
      "sec": "https://www.sec.gov/Archives/edgar/data//1318605/000156459020033670/tsla-10q_20200630.htm",
      "cash": 8080000000,
      "date": "March 31, 2020",
      "debt": 10666000000,
      "capEx": 455000000,
      "ebitda": 951000000,
      "ticker": "TSLA",
      "revenue": 5985000000,
      "cashflow": -440000000,
      "employees": 99000,
      "netIncome": 16000000,
      "netMargin": 2.29,
      "fiscalYear": 2020,
      "grossMargin": 20.6,
      "grossProfit": 1234000000,
      "fiscalQuarter": 1,
      "researchAndDev": 324000000,
      "returnOnAssets": 2.47,
      "returnOnEquity": 6.9,
      "operatingIncome": 283000000,
      "operatingMargin": 4.7,
      "revenueSegments": {
        "products": {
          "0": "Model S/X",
          "1": "Model 3/Y"
        },
        "productsSold": {
          "0": 12230,
          "1": 76266
        }
      },
      "dividendPerShare": 0,
      "sharesOutstanding": 2980000000,
      "dividendPayoutRatio": 0,
      "stockBasedCompensation": 211000000,
      "returnOnCapitalEmployed": 21.1,
      "returnOnInvestedCapital": 4.1
    },
    {
      "ceo": "Elon R. Musk",
      "eps": 0.08,
      "sec": "https://www.sec.gov/Archives/edgar/data//1318605/000156459020033670/tsla-10q_20200630.htm",
      "cash": 8615000000,
      "date": "Jun 30, 2020",
      "debt": 10416000000,
      "capEx": 546000000,
      "ebitda": 1209000000,
      "ticker": "TSLA",
      "revenue": 6036000000,
      "cashflow": 418000000,
      "employees": 99000,
      "netIncome": 104000000,
      "netMargin": 2.29,
      "fiscalYear": 2020,
      "grossMargin": 21,
      "grossProfit": 1267000000,
      "fiscalQuarter": 2,
      "researchAndDev": 279000000,
      "returnOnAssets": 2.47,
      "returnOnEquity": 6.9,
      "operatingIncome": 327000000,
      "operatingMargin": 5.4,
      "revenueSegments": {
        "products": {
          "0": "Model S/X",
          "1": "Model 3/Y"
        },
        "productsSold": {
          "0": 10614,
          "1": 80277
        }
      },
      "dividendPerShare": 0,
      "sharesOutstanding": 2890000000,
      "dividendPayoutRatio": 0,
      "stockBasedCompensation": 347000000,
      "returnOnCapitalEmployed": 21.1,
      "returnOnInvestedCapital": 4.1
    },
    {
      "ceo": "Elon R. Musk",
      "eps": 0.08,
      "sec": "https://www.sec.gov/Archives/edgar/data//1318605/000156459020047486/tsla-10q_20200930.htm",
      "cash": 14531000000,
      "date": "Sep 30, 2020",
      "debt": 10559000000,
      "capEx": 1005000000,
      "ebitda": 1807000000,
      "ticker": "TSLA",
      "revenue": 8771000000,
      "cashflow": 2400000000,
      "employees": 99000,
      "netIncome": 331000000,
      "netMargin": 2.29,
      "fiscalYear": 2020,
      "grossMargin": 23.5,
      "grossProfit": 2063000000,
      "fiscalQuarter": 3,
      "researchAndDev": 366000000,
      "returnOnAssets": 2.47,
      "returnOnEquity": 6.9,
      "operatingIncome": 809000000,
      "operatingMargin": 9.2,
      "revenueSegments": {
        "products": {
          "0": "Model S/X",
          "1": "Model 3/Y"
        },
        "productsSold": {
          "0": 15275,
          "1": 124318
        }
      },
      "dividendPerShare": 0,
      "sharesOutstanding": 2890000000,
      "dividendPayoutRatio": 0,
      "stockBasedCompensation": 543000000,
      "returnOnCapitalEmployed": 21.1,
      "returnOnInvestedCapital": 4.1
    },
    {
      "ceo": "Elon R. Musk",
      "eps": 0.08,
      "sec": "https://www.sec.gov/Archives/edgar/data/1318605/000156459021004599/tsla-10k_20201231.htm",
      "cash": 19384000000,
      "date": "Dec 31, 2020",
      "debt": 9556000000,
      "capEx": 1151000000,
      "ebitda": 1850000000,
      "ticker": "TSLA",
      "revenue": 10744000000,
      "cashflow": 3019000000,
      "employees": 99000,
      "netIncome": 270000000,
      "netMargin": 2.29,
      "fiscalYear": 2020,
      "grossMargin": 19.2,
      "grossProfit": 2066000000,
      "fiscalQuarter": 4,
      "researchAndDev": 522000000,
      "returnOnAssets": 2.47,
      "returnOnEquity": 6.9,
      "operatingIncome": 575000000,
      "operatingMargin": 5.4,
      "revenueSegments": {
        "products": {
          "0": "Model S/X",
          "1": "Model 3/Y"
        },
        "productsSold": {
          "0": 18966,
          "1": 161701
        }
      },
      "dividendPerShare": 0,
      "sharesOutstanding": 2890000000,
      "dividendPayoutRatio": 0,
      "stockBasedCompensation": 633000000,
      "returnOnCapitalEmployed": 21.1,
      "returnOnInvestedCapital": 4.1
    },
    {
      "ceo": "Elon R. Musk",
      "eps": 0.13,
      "sec": "https://www.sec.gov/Archives/edgar/data/1318605/000095017021000046/tsla-20210331.htm",
      "cash": 17141000000,
      "date": "March 31, 2021",
      "debt": 9053000000,
      "capEx": 1348000000,
      "ebitda": 1841000000,
      "ticker": "TSLA",
      "revenue": 10389000000,
      "cashflow": 1641000000,
      "employees": 99000,
      "netIncome": 438000000,
      "netMargin": 4.22,
      "fiscalYear": 2021,
      "grossMargin": 21,
      "grossProfit": 2215000000,
      "fiscalQuarter": 1,
      "researchAndDev": 666000000,
      "returnOnAssets": 2.47,
      "returnOnEquity": 6.9,
      "operatingIncome": 594000000,
      "operatingMargin": 5.7,
      "revenueSegments": {
        "products": {
          "0": "Model S/X",
          "1": "Model 3/Y"
        },
        "productsSold": {
          "0": 2020,
          "1": 182780
        }
      },
      "dividendPerShare": 0,
      "sharesOutstanding": 2890000000,
      "dividendPayoutRatio": 0,
      "stockBasedCompensation": 614000000,
      "returnOnCapitalEmployed": 21.1,
      "returnOnInvestedCapital": 4.1
    },
    {
      "ceo": "Elon R. Musk",
      "eps": 0.34,
      "sec": "https://www.sec.gov/Archives/edgar/data/1318605/000095017021000524/tsla-20210630.htm",
      "cash": 16229000000,
      "date": "June 30, 2021",
      "debt": 7871000000,
      "capEx": 1505000000,
      "ebitda": 2487000000,
      "ticker": "TSLA",
      "revenue": 11958000000,
      "cashflow": 2124000000,
      "employees": 99000,
      "netIncome": 1142000000,
      "netMargin": 9.55,
      "fiscalYear": 2021,
      "grossMargin": 24,
      "grossProfit": 2884000000,
      "fiscalQuarter": 2,
      "researchAndDev": 576000000,
      "returnOnAssets": 4.61,
      "returnOnEquity": 12.41,
      "operatingIncome": 1312000000,
      "operatingMargin": 11,
      "revenueSegments": {
        "products": {
          "0": "Model S/X",
          "1": "Model 3/Y"
        },
        "productsSold": {
          "0": 1890,
          "1": 201250
        }
      },
      "dividendPerShare": 0,
      "sharesOutstanding": 2950000000,
      "dividendPayoutRatio": 0,
      "stockBasedCompensation": 474000000,
      "returnOnCapitalEmployed": 21.1,
      "returnOnInvestedCapital": 4.1
    },
    {
      "ceo": "Elon R. Musk",
      "eps": 0.48,
      "sec": "https://www.sec.gov/Archives/edgar/data/1318605/000095017021002253/tsla-20210930.htm",
      "cash": 16065000000,
      "date": "Sep 30, 2021",
      "debt": 6438000000,
      "capEx": 1819000000,
      "ebitda": 3203000000,
      "ticker": "TSLA",
      "revenue": 13757000000,
      "cashflow": 3147000000,
      "employees": 99000,
      "netIncome": 1618000000,
      "netMargin": 11.76,
      "fiscalYear": 2021,
      "grossMargin": 27,
      "grossProfit": 3660000000,
      "fiscalQuarter": 3,
      "researchAndDev": 611000000,
      "returnOnAssets": 6.7,
      "returnOnEquity": 16.1,
      "operatingIncome": 2004000000,
      "operatingMargin": 14.6,
      "revenueSegments": {
        "products": {
          "0": "Model S/X",
          "1": "Model 3/Y"
        },
        "productsSold": {
          "0": 9275,
          "1": 232025
        }
      },
      "dividendPerShare": 0,
      "sharesOutstanding": 2880000000,
      "dividendPayoutRatio": 0,
      "stockBasedCompensation": 475000000,
      "returnOnCapitalEmployed": 21.1,
      "returnOnInvestedCapital": 4.1
    },
    {
      "ceo": "Elon R. Musk",
      "eps": 0.68,
      "sec": "https://www.sec.gov/Archives/edgar/data/1318605/000095017022000796/tsla-20211231.htm",
      "cash": 17576000000,
      "date": "Dec 31, 2021",
      "debt": 5245000000,
      "capEx": 1814000000,
      "ebitda": 3500000000,
      "ticker": "TSLA",
      "revenue": 17719000000,
      "cashflow": 4585000000,
      "employees": 99000,
      "netIncome": 2320000000,
      "netMargin": 13.1,
      "fiscalYear": 2021,
      "grossMargin": 27.35,
      "grossProfit": 4847000000,
      "fiscalQuarter": 4,
      "researchAndDev": 740000000,
      "returnOnAssets": 9.66,
      "returnOnEquity": 21.06,
      "operatingIncome": 2610000000,
      "operatingMargin": 14.75,
      "revenueSegments": {
        "products": {
          "0": "Model S/X",
          "1": "Model 3/Y"
        },
        "productsSold": {
          "0": 11750,
          "1": 296850
        }
      },
      "dividendPerShare": 0,
      "sharesOutstanding": 3100000000,
      "dividendPayoutRatio": 0,
      "stockBasedCompensation": 558000000,
      "returnOnCapitalEmployed": 21.1,
      "returnOnInvestedCapital": 4.1
    },
    {
      "ceo": "Elon R. Musk",
      "eps": 2.45,
      "sec": "https://www.sec.gov/Archives/edgar/data/1318605/000095017022006034/tsla-20220331.htm",
      "cash": 17505000000,
      "date": "March 31, 2022",
      "debt": 3153000000,
      "capEx": 1781000000,
      "ebitda": 4480000000,
      "ticker": "TSLA",
      "revenue": 18756000000,
      "cashflow": 4000000000,
      "employees": 99000,
      "netIncome": 3318000000,
      "netMargin": 17.66,
      "fiscalYear": 2022,
      "grossMargin": 29.1,
      "grossProfit": 5460000000,
      "fiscalQuarter": 1,
      "researchAndDev": 865000000,
      "returnOnAssets": 14.11,
      "returnOnEquity": 29.4,
      "operatingIncome": 3603000000,
      "operatingMargin": 19.21,
      "revenueSegments": {
        "products": {
          "0": "Model S/X",
          "1": "Model 3/Y"
        },
        "productsSold": {
          "0": 14724,
          "1": 295324
        }
      },
      "dividendPerShare": 0,
      "sharesOutstanding": 3110000000,
      "dividendPayoutRatio": 0,
      "stockBasedCompensation": 418000000,
      "returnOnCapitalEmployed": 21.1,
      "returnOnInvestedCapital": 4.1
    },
    {
      "ceo": "Elon R. Musk",
      "eps": 2.76,
      "sec": "https://www.sec.gov/Archives/edgar/data/1318605/000095017022012936/tsla-20220630.htm",
      "cash": 18324000000,
      "date": "June 30, 2022",
      "debt": 2898000000,
      "capEx": 1730000000,
      "ebitda": 3530000000,
      "ticker": "TSLA",
      "revenue": 16934000000,
      "cashflow": 2350000000,
      "employees": 99000,
      "netIncome": 2269000000,
      "netMargin": 13.32,
      "fiscalYear": 2022,
      "grossMargin": 25,
      "grossProfit": 4234000000,
      "fiscalQuarter": 2,
      "researchAndDev": 667000000,
      "returnOnAssets": 15.38,
      "returnOnEquity": 31.08,
      "operatingIncome": 2610000000,
      "operatingMargin": 15.39,
      "revenueSegments": {
        "products": {
          "0": "Model S/X",
          "1": "Model 3/Y"
        },
        "productsSold": {
          "0": 16162,
          "1": 254695
        }
      },
      "dividendPerShare": 0,
      "sharesOutstanding": 3120000000,
      "dividendPayoutRatio": 0,
      "stockBasedCompensation": 361000000,
      "returnOnCapitalEmployed": 21.1,
      "returnOnInvestedCapital": 25.29
    },
    {
      "ceo": "Elon R. Musk",
      "eps": 3.32,
      "sec": "https://www.sec.gov/Archives/edgar/data/1318605/000095017022019867/tsla-20220930.htm",
      "cash": 19532000000,
      "cogs": 0,
      "date": "2022-09-30",
      "debt": 2096000000,
      "ebit": 0,
      "capEx": 1803000000,
      "assets": 0,
      "ebitda": 4640000000,
      "ticker": "TSLA",
      "country": "USA",
      "revenue": 21454000000,
      "cashflow": 3297000000,
      "exchange": "NASDAQ",
      "employees": 99000,
      "incomeTax": 0,
      "netIncome": 3330000000,
      "netMargin": 15.34,
      "fiscalYear": 2022,
      "grossMargin": 25.1,
      "grossProfit": 5382000000,
      "totalAssets": 0,
      "currentAssets": 0,
      "fiscalQuarter": 3,
      "dividendPayout": 0,
      "researchAndDev": 733000000,
      "returnOnAssets": 16.91,
      "returnOnEquity": 33.43,
      "interestExpense": 0,
      "operatingIncome": 3688000000,
      "operatingMargin": 17.19,
      "revenueSegments": {
        "products": {
          "0": "Model S/X",
          "1": "Model 3/Y"
        },
        "productsSold": {
          "0": 18672,
          "1": 325158
        }
      },
      "stockRepurchase": 0,
      "dividendPerShare": 0,
      "shareholderEquity": 0,
      "sharesOutstanding": 3160000000,
      "currentLiabilities": 0,
      "stockBasedCompensation": 362000000,
      "returnOnCapitalEmployed": 22.48,
      "returnOnInvestedCapital": 28.32,
      "depreciationAndAmortization": 0,
      "sellingGeneralAndAdministrative": 0
    },
    {
      "ceo": "Elon R. Musk",
      "eps": 1.19,
      "sec": "https://www.sec.gov/Archives/edgar/data/1318605/000095017022019867/tsla-20220930.htm",
      "cash": 16253000000,
      "cogs": 0,
      "date": "2022-09-30",
      "debt": 1597000000,
      "ebit": 0,
      "capEx": 1858000000,
      "ebitda": 5404000000,
      "ticker": "TSLA",
      "country": "USA",
      "revenue": 24318000000,
      "cashflow": 3278000000,
      "exchange": "NASDAQ",
      "employees": 0,
      "incomeTax": 0,
      "netIncome": 3687000000,
      "netMargin": 0,
      "fiscalYear": 2022,
      "grossMargin": 23.8,
      "grossProfit": 5777000000,
      "totalAssets": 82338000000,
      "currentAssets": 40917000000,
      "fiscalQuarter": 4,
      "dividendPayout": 0,
      "researchAndDev": 810000000,
      "returnOnAssets": 0,
      "returnOnEquity": 0,
      "interestExpense": 0,
      "operatingIncome": 3901000000,
      "operatingMargin": 16,
      "revenueSegments": {
        "products": {
          "0": "Model S/X",
          "1": "Model 3/Y"
        },
        "productsSold": {
          "0": 20613,
          "1": 419088
        }
      },
      "stockRepurchase": 0,
      "dividendPerShare": 0,
      "shareholderEquity": 44704000000,
      "sharesOutstanding": 0,
      "currentLiabilities": 26709000000,
      "stockBasedCompensation": 419000000,
      "returnOnCapitalEmployed": 0,
      "returnOnInvestedCapital": 0,
      "depreciationAndAmortization": 989000000,
      "sellingGeneralAndAdministrative": 1032000000
    },
    {
      "ceo": "Elon R. Musk",
      "eps": 0.73,
      "sec": "https://www.sec.gov/Archives/edgar/data/1318605/000095017022019867/tsla-20220930.htm",
      "cash": 22402000000,
      "cogs": 0,
      "date": "2022-09-30",
      "debt": 1272000000,
      "ebit": 0,
      "capEx": 2072000000,
      "ebitda": 4267000000,
      "ticker": "TSLA",
      "country": "USA",
      "revenue": 23329000000,
      "cashflow": 441000000,
      "exchange": "NASDAQ",
      "employees": 0,
      "incomeTax": 0,
      "netIncome": 2513000000,
      "netMargin": 0,
      "fiscalYear": 2023,
      "grossMargin": 19.3,
      "grossProfit": 4511000000,
      "totalAssets": 86833000000,
      "currentAssets": 42997000000,
      "fiscalQuarter": 1,
      "dividendPayout": 0,
      "researchAndDev": 771000000,
      "returnOnAssets": 0,
      "returnOnEquity": 0,
      "interestExpense": 0,
      "operatingIncome": 2664000000,
      "operatingMargin": 11.4,
      "revenueSegments": {
        "products": {
          "0": "Model S/X",
          "1": "Model 3/Y"
        },
        "productsSold": {
          "0": 19437,
          "1": 421371
        }
      },
      "stockRepurchase": 0,
      "dividendPerShare": 0,
      "shareholderEquity": 48054000000,
      "sharesOutstanding": 0,
      "currentLiabilities": 27436000000,
      "stockBasedCompensation": 418000000,
      "returnOnCapitalEmployed": 0,
      "returnOnInvestedCapital": 0,
      "depreciationAndAmortization": 1046000000,
      "sellingGeneralAndAdministrative": 1076000000
    },
    {
      "ceo": "Elon R. Musk",
      "eps": 0.73,
      "sec": "https://www.sec.gov/Archives/edgar/data/1318605/000095017022019867/tsla-20220930.htm",
      "cash": 22402000000,
      "cogs": 0,
      "date": "2022-09-30",
      "debt": 1272000000,
      "ebit": 0,
      "capEx": 2072000000,
      "ebitda": 4267000000,
      "ticker": "TSLA",
      "country": "USA",
      "revenue": 23329000000,
      "cashflow": 441000000,
      "exchange": "NASDAQ",
      "employees": 0,
      "incomeTax": 0,
      "netIncome": 2513000000,
      "netMargin": 0,
      "fiscalYear": 2023,
      "grossMargin": 19.3,
      "grossProfit": 4511000000,
      "totalAssets": 86833000000,
      "currentAssets": 42997000000,
      "fiscalQuarter": 2,
      "dividendPayout": 0,
      "researchAndDev": 771000000,
      "returnOnAssets": 0,
      "returnOnEquity": 0,
      "interestExpense": 0,
      "operatingIncome": 2664000000,
      "operatingMargin": 11.4,
      "revenueSegments": {
        "products": {
          "0": "Model S/X",
          "1": "Model 3/Y"
        },
        "productsSold": {
          "0": 19225,
          "1": 446915
        }
      },
      "stockRepurchase": 0,
      "dividendPerShare": 0,
      "shareholderEquity": 48054000000,
      "sharesOutstanding": 0,
      "currentLiabilities": 27436000000,
      "stockBasedCompensation": 418000000,
      "returnOnCapitalEmployed": 0,
      "returnOnInvestedCapital": 0,
      "depreciationAndAmortization": 1046000000,
      "sellingGeneralAndAdministrative": 1076000000
    }
  ],
  "fundamentalsAnno": [
    {
      "ceo": "Elon R. Musk",
      "eps": -5.65,
      "cash": 3686000000,
      "cogs": 85272000,
      "date": "2018-12-31",
      "debt": 2222000000,
      "ebit": -255000000,
      "capEx": 2100724000,
      "assets": 31872597000,
      "ebitda": -189000000,
      "ticker": "TSLA",
      "country": "USA",
      "revenue": 21461000000,
      "cashflow": 2098000000,
      "exchange": "NASDAQ",
      "employees": 49000,
      "incomeTax": 58000000,
      "netIncome": -976000000,
      "netMargin": -4.55,
      "fiscalYear": 2018,
      "grossMargin": 18.83,
      "grossProfit": 4042000000,
      "totalAssets": 29740000000,
      "currentAssets": 8307000000,
      "fiscalQuarter": 4,
      "dividendPayout": null,
      "researchAndDev": 1460000000,
      "returnOnAssets": -3.28,
      "returnOnEquity": -19.83,
      "interestExpense": 663000000,
      "operatingIncome": -388000000,
      "operatingMargin": -1.81,
      "revenueSegments": {
        "products": [
          "Automotive",
          "Energy",
          "Services and Other"
        ],
        "productsSold": [
          18096000000,
          1555000000,
          1391000000
        ]
      },
      "stockRepurchase": null,
      "dividendPerShare": null,
      "productsUnitsSold": {
        "products": [
          "Model S/X",
          "Model 3/Y"
        ],
        "productsSold": [
          99394,
          145846
        ]
      },
      "shareholderEquity": 4923000000,
      "sharesOutstanding": 172603000,
      "currentLiabilities": 9993000000,
      "stockBasedCompensation": 749024000,
      "returnOnCapitalEmployed": -1.29,
      "returnOnInvestedCapital": null,
      "depreciationAndAmortization": 66000000,
      "sellingGeneralAndAdministrative": 2835000000
    },
    {
      "ceo": "Elon R. Musk",
      "eps": -4.76,
      "cash": 6268000000,
      "cogs": 193000000,
      "date": "2019-12-31",
      "debt": 1399000000,
      "ebit": -67000000,
      "capEx": 1332000000,
      "assets": 31872597000,
      "ebitda": 276000000,
      "ticker": "TSLA",
      "country": "USA",
      "revenue": 24578000000,
      "cashflow": 2405000000,
      "exchange": "NASDAQ",
      "employees": 48000,
      "incomeTax": 110000000,
      "netIncome": -862000000,
      "netMargin": -3.51,
      "fiscalYear": 2019,
      "grossMargin": 16.56,
      "grossProfit": 4069000000,
      "totalAssets": 34309000000,
      "currentAssets": 12103000000,
      "fiscalQuarter": 4,
      "dividendPayout": null,
      "researchAndDev": 1343000000,
      "returnOnAssets": -2.51,
      "returnOnEquity": -13.03,
      "interestExpense": 685000000,
      "operatingIncome": -69000000,
      "operatingMargin": -0.28,
      "revenueSegments": {
        "products": [
          "Automotive",
          "Energy",
          "Services and Other"
        ],
        "productsSold": [
          20227000000,
          1531000000,
          2226000000
        ]
      },
      "stockRepurchase": null,
      "dividendPerShare": null,
      "productsUnitsSold": {
        "products": [
          "Model S/X",
          "Model 3/Y"
        ],
        "productsSold": [
          66600,
          300600
        ]
      },
      "shareholderEquity": 6618000000,
      "sharesOutstanding": 181000000,
      "currentLiabilities": 10667000000,
      "stockBasedCompensation": 898000000,
      "returnOnCapitalEmployed": -0.28,
      "returnOnInvestedCapital": null,
      "depreciationAndAmortization": 343000000,
      "sellingGeneralAndAdministrative": 2646000000
    },
    {
      "ceo": "Elon R. Musk",
      "eps": 0.75,
      "cash": 19384000000,
      "cogs": 289000000,
      "date": "2020-12-31",
      "debt": 1758000000,
      "ebit": 1761000000,
      "capEx": 3167000000,
      "assets": 31872597000,
      "ebitda": 2160000000,
      "ticker": "TSLA",
      "country": "USA",
      "revenue": 31536000000,
      "cashflow": 5943000000,
      "exchange": "NASDAQ",
      "employees": 70000,
      "incomeTax": 292000000,
      "netIncome": 721000000,
      "netMargin": 2.29,
      "fiscalYear": 2020,
      "grossMargin": 21.02,
      "grossProfit": 6630000000,
      "totalAssets": 52148000000,
      "currentAssets": 26717000000,
      "fiscalQuarter": 4,
      "dividendPayout": null,
      "researchAndDev": 1491000000,
      "returnOnAssets": 1.38,
      "returnOnEquity": 3.24,
      "interestExpense": 748000000,
      "operatingIncome": 1994000000,
      "operatingMargin": 6.32,
      "revenueSegments": {
        "products": [
          "Automotive",
          "Energy",
          "Services and Other"
        ],
        "productsSold": [
          25656000000,
          1994000000,
          2306000000
        ]
      },
      "stockRepurchase": null,
      "dividendPerShare": null,
      "productsUnitsSold": {
        "products": [
          "Model S/X",
          "Model 3/Y"
        ],
        "productsSold": [
          57039,
          442511
        ]
      },
      "shareholderEquity": 22225000000,
      "sharesOutstanding": 960000000,
      "currentLiabilities": 14248000000,
      "stockBasedCompensation": 1734000000,
      "returnOnCapitalEmployed": 4.65,
      "returnOnInvestedCapital": null,
      "depreciationAndAmortization": 399000000,
      "sellingGeneralAndAdministrative": 3145000000
    },
    {
      "ceo": "Elon R. Musk",
      "eps": 5.34,
      "cash": 17576000000,
      "cogs": 374000000,
      "date": "2021-12-31",
      "debt": 1088000000,
      "ebit": 6589000000,
      "capEx": 7982000000,
      "assets": 31872597000,
      "ebitda": 7055000000,
      "ticker": "TSLA",
      "country": "USA",
      "revenue": 53823000000,
      "cashflow": 11497000000,
      "exchange": "NASDAQ",
      "employees": 99000,
      "incomeTax": 699000000,
      "netIncome": 5519000000,
      "netMargin": 10.25,
      "fiscalYear": 2021,
      "grossMargin": 25.28,
      "grossProfit": 13606000000,
      "totalAssets": 62131000000,
      "currentAssets": 27100000000,
      "fiscalQuarter": 4,
      "dividendPayout": null,
      "researchAndDev": 2593000000,
      "returnOnAssets": 8.88,
      "returnOnEquity": 18.28,
      "interestExpense": 371000000,
      "operatingIncome": 6523000000,
      "operatingMargin": 12.12,
      "revenueSegments": {
        "products": [
          "Automotive",
          "Energy",
          "Services and Other"
        ],
        "productsSold": [
          45767000000,
          2789000000,
          3802000000
        ]
      },
      "stockRepurchase": null,
      "dividendPerShare": null,
      "productsUnitsSold": {
        "products": [
          "Model S/X",
          "Model 3/Y"
        ],
        "productsSold": [
          24964,
          911208
        ]
      },
      "shareholderEquity": 30189000000,
      "sharesOutstanding": 1033000000,
      "currentLiabilities": 19705000000,
      "stockBasedCompensation": 2121000000,
      "returnOnCapitalEmployed": 15.53,
      "returnOnInvestedCapital": null,
      "depreciationAndAmortization": 466000000,
      "sellingGeneralAndAdministrative": 4517000000
    },
    {
      "ceo": "Elon R. Musk",
      "eps": 3.97,
      "cash": 16253000000,
      "cogs": 604000000,
      "date": "2022-12-31",
      "debt": 1016000000,
      "ebit": 13879000000,
      "capEx": 7158000000,
      "assets": 31872597000,
      "ebitda": 14372000000,
      "ticker": "TSLA",
      "country": "USA",
      "revenue": 81462000000,
      "cashflow": 14724000000,
      "exchange": "NASDAQ",
      "employees": 127000,
      "incomeTax": 1132000000,
      "netIncome": 12556000000,
      "netMargin": 15.41,
      "fiscalYear": 2022,
      "grossMargin": 25.6,
      "grossProfit": 20853000000,
      "totalAssets": 82338000000,
      "currentAssets": 40917000000,
      "fiscalQuarter": 4,
      "dividendPayout": null,
      "researchAndDev": 3075000000,
      "returnOnAssets": 15.25,
      "returnOnEquity": 28.09,
      "interestExpense": 191000000,
      "operatingIncome": 13656000000,
      "operatingMargin": 16.76,
      "revenueSegments": {
        "products": [
          "Automotive",
          "Energy",
          "Services and Other"
        ],
        "productsSold": [
          69686000000,
          3909000000,
          6091000000
        ]
      },
      "stockRepurchase": null,
      "dividendPerShare": null,
      "productsUnitsSold": {
        "products": [
          "Model S/X",
          "Model 3/Y"
        ],
        "productsSold": [
          66705,
          1247146
        ]
      },
      "shareholderEquity": 44704000000,
      "sharesOutstanding": 3164000000,
      "currentLiabilities": 26709000000,
      "stockBasedCompensation": 1560000000,
      "returnOnCapitalEmployed": 24.95,
      "returnOnInvestedCapital": null,
      "depreciationAndAmortization": 493000000,
      "sellingGeneralAndAdministrative": 3946000000
    }
  ]
}