{
  "id": 8,
  "created_at": "2023-06-20 10:51:18.549213+00",
  "ticker": "amd",
  "description": "",
  "companyName": "AMD",
  "ceo": "Lisa Su",
  "website": "https://www.amd.com/",
  "fundamentals": [
    {
      "ceo": "Lisa Su",
      "eps": 0.12,
      "cash": 948000000,
      "cogs": 1104000000,
      "date": "2018-06-30",
      "debt": 223000000,
      "ebit": 153000000,
      "capEx": 43000000,
      "assets": 31872597000,
      "ebitda": 196000000,
      "ticker": "AMD",
      "country": "USA",
      "revenue": 1725000000,
      "cashflow": -98000000,
      "exchange": "NASDAQ",
      "employees": 0,
      "incomeTax": 6000000,
      "netIncome": 116000000,
      "netMargin": 6.72,
      "fiscalYear": 2018,
      "grossMargin": 37.8,
      "grossProfit": 652000000,
      "totalAssets": 4103000000,
      "currentAssets": 3099000000,
      "fiscalQuarter": 2,
      "dividendPayout": null,
      "researchAndDev": 357000000,
      "returnOnAssets": 2.83,
      "returnOnEquity": "13.20",
      "interestExpense": 31000000,
      "operatingIncome": 153000000,
      "operatingMargin": 8.87,
      "revenueSegments": {
        "products": [
          "",
          ""
        ],
        "productsSold": [
          0,
          0
        ]
      },
      "stockRepurchase": null,
      "dividendPerShare": null,
      "shareholderEquity": 879000000,
      "sharesOutstanding": 975000000,
      "currentLiabilities": 1868000000,
      "stockBasedCompensation": 0,
      "returnOnCapitalEmployed": 6.85,
      "returnOnInvestedCapital": null,
      "depreciationAndAmortization": 43000000,
      "sellingGeneralAndAdministrative": 142000000
    },
    {
      "ceo": "Lisa Su",
      "eps": 0.1,
      "cash": 1046000000,
      "cogs": 992000000,
      "date": "2018-09-30",
      "debt": 136000000,
      "ebit": 144000000,
      "capEx": 33000000,
      "assets": 31872597000,
      "ebitda": 185000000,
      "ticker": "AMD",
      "country": "USA",
      "revenue": 1623000000,
      "cashflow": 43000000,
      "exchange": "NASDAQ",
      "employees": 0,
      "incomeTax": 12000000,
      "netIncome": 102000000,
      "netMargin": 6.28,
      "fiscalYear": 2018,
      "grossMargin": 40.73,
      "grossProfit": 661000000,
      "totalAssets": 4347000000,
      "currentAssets": 3314000000,
      "fiscalQuarter": 2,
      "dividendPayout": null,
      "researchAndDev": 363000000,
      "returnOnAssets": 2.35,
      "returnOnEquity": "9.07",
      "interestExpense": 30000000,
      "operatingIncome": 150000000,
      "operatingMargin": 9.24,
      "revenueSegments": {
        "products": [
          "",
          ""
        ],
        "productsSold": [
          0,
          0
        ]
      },
      "stockRepurchase": null,
      "dividendPerShare": null,
      "shareholderEquity": 1125000000,
      "sharesOutstanding": 999000000,
      "currentLiabilities": 1878000000,
      "stockBasedCompensation": 0,
      "returnOnCapitalEmployed": 5.83,
      "returnOnInvestedCapital": null,
      "depreciationAndAmortization": 35000000,
      "sellingGeneralAndAdministrative": 148000000
    },
    {
      "ceo": "Lisa Su",
      "eps": 0.04,
      "cash": 1078000000,
      "cogs": 882000000,
      "date": "2018-12-31",
      "debt": 136000000,
      "ebit": 32000000,
      "capEx": 41000000,
      "assets": 31872597000,
      "ebitda": 75000000,
      "ticker": "AMD",
      "country": "USA",
      "revenue": 1390000000,
      "cashflow": 79000000,
      "exchange": "NASDAQ",
      "employees": 0,
      "incomeTax": -35000000,
      "netIncome": 38000000,
      "netMargin": 2.73,
      "fiscalYear": 2018,
      "grossMargin": 38.63,
      "grossProfit": 537000000,
      "totalAssets": 4556000000,
      "currentAssets": 3540000000,
      "fiscalQuarter": 2,
      "dividendPayout": null,
      "researchAndDev": 371000000,
      "returnOnAssets": 0.83,
      "returnOnEquity": "3.00",
      "interestExpense": 29000000,
      "operatingIncome": 28000000,
      "operatingMargin": 2.01,
      "revenueSegments": {
        "products": [
          "",
          ""
        ],
        "productsSold": [
          0,
          0
        ]
      },
      "stockRepurchase": null,
      "dividendPerShare": null,
      "shareholderEquity": 1266000000,
      "sharesOutstanding": 1005000000,
      "currentLiabilities": 1984000000,
      "stockBasedCompensation": 0,
      "returnOnCapitalEmployed": 1.24,
      "returnOnInvestedCapital": null,
      "depreciationAndAmortization": 47000000,
      "sellingGeneralAndAdministrative": 138000000
    },
    {
      "ceo": "Lisa Su",
      "eps": 0.01,
      "cash": 978000000,
      "cogs": 751000000,
      "date": "2019-03-31",
      "debt": 70000000,
      "ebit": 30000000,
      "capEx": 62000000,
      "assets": 31872597000,
      "ebitda": 77000000,
      "ticker": "AMD",
      "country": "USA",
      "revenue": 1291000000,
      "cashflow": -275000000,
      "exchange": "NASDAQ",
      "employees": 0,
      "incomeTax": -13000000,
      "netIncome": 16000000,
      "netMargin": 1.24,
      "fiscalYear": 2019,
      "grossMargin": 40.36,
      "grossProfit": 521000000,
      "totalAssets": 4931000000,
      "currentAssets": 3677000000,
      "fiscalQuarter": 2,
      "dividendPayout": null,
      "researchAndDev": 373000000,
      "returnOnAssets": 0.32,
      "returnOnEquity": "0.89",
      "interestExpense": 27000000,
      "operatingIncome": 38000000,
      "operatingMargin": 2.94,
      "revenueSegments": {
        "products": [
          "",
          ""
        ],
        "productsSold": [
          0,
          0
        ]
      },
      "stockRepurchase": null,
      "dividendPerShare": null,
      "shareholderEquity": 1788000000,
      "sharesOutstanding": 1082000000,
      "currentLiabilities": 1764000000,
      "stockBasedCompensation": 0,
      "returnOnCapitalEmployed": 0.95,
      "returnOnInvestedCapital": null,
      "depreciationAndAmortization": 39000000,
      "sellingGeneralAndAdministrative": 170000000
    },
    {
      "ceo": "Lisa Su",
      "eps": 0.03,
      "cash": 963000000,
      "cogs": 910000000,
      "date": "2019-06-30",
      "debt": 0,
      "ebit": 62000000,
      "capEx": 58000000,
      "assets": 31872597000,
      "ebitda": 132000000,
      "ticker": "AMD",
      "country": "USA",
      "revenue": 1506000000,
      "cashflow": -28000000,
      "exchange": "NASDAQ",
      "employees": 0,
      "incomeTax": 2000000,
      "netIncome": 35000000,
      "netMargin": 2.32,
      "fiscalYear": 2019,
      "grossMargin": 41.24,
      "grossProfit": 621000000,
      "totalAssets": 5102000000,
      "currentAssets": 3754000000,
      "fiscalQuarter": 2,
      "dividendPayout": null,
      "researchAndDev": 373000000,
      "returnOnAssets": 0.69,
      "returnOnEquity": "1.84",
      "interestExpense": 25000000,
      "operatingIncome": 59000000,
      "operatingMargin": 3.92,
      "revenueSegments": {
        "products": [
          "",
          ""
        ],
        "productsSold": [
          0,
          0
        ]
      },
      "stockRepurchase": null,
      "dividendPerShare": null,
      "shareholderEquity": 1901000000,
      "sharesOutstanding": 1086000000,
      "currentLiabilities": 1804000000,
      "stockBasedCompensation": 0,
      "returnOnCapitalEmployed": 1.88,
      "returnOnInvestedCapital": null,
      "depreciationAndAmortization": 73000000,
      "sellingGeneralAndAdministrative": 189000000
    },
    {
      "ceo": "Lisa Su",
      "eps": 0.11,
      "cash": 1156000000,
      "cogs": 1024000000,
      "date": "2019-09-30",
      "debt": 0,
      "ebit": 151000000,
      "capEx": 55000000,
      "assets": 31872597000,
      "ebitda": 219000000,
      "ticker": "AMD",
      "country": "USA",
      "revenue": 1737000000,
      "cashflow": 179000000,
      "exchange": "NASDAQ",
      "employees": 0,
      "incomeTax": 7000000,
      "netIncome": 120000000,
      "netMargin": 6.91,
      "fiscalYear": 2019,
      "grossMargin": 44.73,
      "grossProfit": 777000000,
      "totalAssets": 5253000000,
      "currentAssets": 3912000000,
      "fiscalQuarter": 2,
      "dividendPayout": null,
      "researchAndDev": 406000000,
      "returnOnAssets": 2.28,
      "returnOnEquity": "5.51",
      "interestExpense": 24000000,
      "operatingIncome": 186000000,
      "operatingMargin": 10.71,
      "revenueSegments": {
        "products": [
          "",
          ""
        ],
        "productsSold": [
          0,
          0
        ]
      },
      "stockRepurchase": null,
      "dividendPerShare": null,
      "shareholderEquity": 2176000000,
      "sharesOutstanding": 1114000000,
      "currentLiabilities": 1864000000,
      "stockBasedCompensation": 0,
      "returnOnCapitalEmployed": 4.46,
      "returnOnInvestedCapital": null,
      "depreciationAndAmortization": 33000000,
      "sellingGeneralAndAdministrative": 185000000
    },
    {
      "ceo": "Lisa Su",
      "eps": 0.15,
      "cash": 1466000000,
      "cogs": 1178000000,
      "date": "2019-12-31",
      "debt": 0,
      "ebit": 223000000,
      "capEx": 42000000,
      "assets": 31872597000,
      "ebitda": 287000000,
      "ticker": "AMD",
      "country": "USA",
      "revenue": 2109000000,
      "cashflow": 400000000,
      "exchange": "NASDAQ",
      "employees": 0,
      "incomeTax": 35000000,
      "netIncome": 170000000,
      "netMargin": 8.06,
      "fiscalYear": 2019,
      "grossMargin": 45,
      "grossProfit": 949000000,
      "totalAssets": 6028000000,
      "currentAssets": 4597000000,
      "fiscalQuarter": 2,
      "dividendPayout": null,
      "researchAndDev": 395000000,
      "returnOnAssets": 2.82,
      "returnOnEquity": "6.01",
      "interestExpense": 18000000,
      "operatingIncome": 348000000,
      "operatingMargin": 16.5,
      "revenueSegments": {
        "products": [
          "",
          ""
        ],
        "productsSold": [
          0,
          0
        ]
      },
      "stockRepurchase": null,
      "dividendPerShare": null,
      "shareholderEquity": 2827000000,
      "sharesOutstanding": 1170000000,
      "currentLiabilities": 2359000000,
      "stockBasedCompensation": 0,
      "returnOnCapitalEmployed": 6.08,
      "returnOnInvestedCapital": null,
      "depreciationAndAmortization": 64000000,
      "sellingGeneralAndAdministrative": 206000000
    },
    {
      "ceo": "Lisa Su",
      "eps": 0.14,
      "cash": 1330000000,
      "cogs": 968000000,
      "date": "2020-03-31",
      "debt": null,
      "ebit": 181000000,
      "capEx": 55000000,
      "assets": 31872597000,
      "ebitda": 249000000,
      "ticker": "AMD",
      "country": "USA",
      "revenue": 1755000000,
      "cashflow": -120000000,
      "exchange": "NASDAQ",
      "employees": 0,
      "incomeTax": 6000000,
      "netIncome": 162000000,
      "netMargin": 9.23,
      "fiscalYear": 2020,
      "grossMargin": 46.61,
      "grossProfit": 818000000,
      "totalAssets": 5864000000,
      "currentAssets": 4390000000,
      "fiscalQuarter": 2,
      "dividendPayout": null,
      "researchAndDev": 442000000,
      "returnOnAssets": 2.76,
      "returnOnEquity": "5.33",
      "interestExpense": 13000000,
      "operatingIncome": 177000000,
      "operatingMargin": 10.09,
      "revenueSegments": {
        "products": [
          "",
          ""
        ],
        "productsSold": [
          0,
          0
        ]
      },
      "stockRepurchase": null,
      "dividendPerShare": null,
      "shareholderEquity": 3037000000,
      "sharesOutstanding": 1171000000,
      "currentLiabilities": 1985000000,
      "stockBasedCompensation": 0,
      "returnOnCapitalEmployed": 4.67,
      "returnOnInvestedCapital": null,
      "depreciationAndAmortization": 68000000,
      "sellingGeneralAndAdministrative": 199000000
    },
    {
      "ceo": "Lisa Su",
      "eps": 0.13,
      "cash": 1775000000,
      "cogs": 1084000000,
      "date": "2020-06-30",
      "debt": 200000000,
      "ebit": 175000000,
      "capEx": 91000000,
      "assets": 31872597000,
      "ebitda": 247000000,
      "ticker": "AMD",
      "country": "USA",
      "revenue": 1918000000,
      "cashflow": 152000000,
      "exchange": "NASDAQ",
      "employees": 0,
      "incomeTax": 4000000,
      "netIncome": 157000000,
      "netMargin": 8.19,
      "fiscalYear": 2020,
      "grossMargin": 44.21,
      "grossProfit": 848000000,
      "totalAssets": 6583000000,
      "currentAssets": 5109000000,
      "fiscalQuarter": 2,
      "dividendPayout": null,
      "researchAndDev": 460000000,
      "returnOnAssets": 2.38,
      "returnOnEquity": "4.75",
      "interestExpense": 14000000,
      "operatingIncome": 173000000,
      "operatingMargin": 9.02,
      "revenueSegments": {
        "products": [
          "",
          ""
        ],
        "productsSold": [
          0,
          0
        ]
      },
      "stockRepurchase": null,
      "dividendPerShare": null,
      "shareholderEquity": 3305000000,
      "sharesOutstanding": 1174000000,
      "currentLiabilities": 2434000000,
      "stockBasedCompensation": 0,
      "returnOnCapitalEmployed": 4.22,
      "returnOnInvestedCapital": null,
      "depreciationAndAmortization": 72000000,
      "sellingGeneralAndAdministrative": 215000000
    },
    {
      "ceo": "Lisa Su",
      "eps": 0.32,
      "cash": 1296000000,
      "cogs": 1571000000,
      "date": "2020-09-30",
      "debt": null,
      "ebit": 413000000,
      "capEx": 74000000,
      "assets": 31872597000,
      "ebitda": 495000000,
      "ticker": "AMD",
      "country": "USA",
      "revenue": 2790000000,
      "cashflow": 265000000,
      "exchange": "NASDAQ",
      "employees": 0,
      "incomeTax": 12000000,
      "netIncome": 390000000,
      "netMargin": 13.98,
      "fiscalYear": 2020,
      "grossMargin": 44.09,
      "grossProfit": 1230000000,
      "totalAssets": 7023000000,
      "currentAssets": 5500000000,
      "fiscalQuarter": 2,
      "dividendPayout": null,
      "researchAndDev": 508000000,
      "returnOnAssets": 5.55,
      "returnOnEquity": "10.09",
      "interestExpense": 11000000,
      "operatingIncome": 449000000,
      "operatingMargin": 16.09,
      "revenueSegments": {
        "products": [
          "",
          ""
        ],
        "productsSold": [
          0,
          0
        ]
      },
      "stockRepurchase": null,
      "dividendPerShare": null,
      "shareholderEquity": 3867000000,
      "sharesOutstanding": 1202000000,
      "currentLiabilities": 2417000000,
      "stockBasedCompensation": 0,
      "returnOnCapitalEmployed": 8.97,
      "returnOnInvestedCapital": null,
      "depreciationAndAmortization": 82000000,
      "sellingGeneralAndAdministrative": 273000000
    },
    {
      "ceo": "Lisa Su",
      "eps": 1.47,
      "cash": 1595000000,
      "cogs": 1793000000,
      "date": "2020-12-31",
      "debt": 0,
      "ebit": 558000000,
      "capEx": 74000000,
      "assets": 31872597000,
      "ebitda": 648000000,
      "ticker": "AMD",
      "country": "USA",
      "revenue": 3235000000,
      "cashflow": 480000000,
      "exchange": "NASDAQ",
      "employees": 0,
      "incomeTax": -1232000000,
      "netIncome": 1781000000,
      "netMargin": 55.05,
      "fiscalYear": 2020,
      "grossMargin": 44.85,
      "grossProfit": 1451000000,
      "totalAssets": 8962000000,
      "currentAssets": 6143000000,
      "fiscalQuarter": 2,
      "dividendPayout": null,
      "researchAndDev": 573000000,
      "returnOnAssets": 19.87,
      "returnOnEquity": "30.51",
      "interestExpense": 9000000,
      "operatingIncome": 570000000,
      "operatingMargin": 17.62,
      "revenueSegments": {
        "products": [
          "",
          ""
        ],
        "productsSold": [
          0,
          0
        ]
      },
      "stockRepurchase": null,
      "dividendPerShare": null,
      "shareholderEquity": 5837000000,
      "sharesOutstanding": 1211000000,
      "currentLiabilities": 2417000000,
      "stockBasedCompensation": 0,
      "returnOnCapitalEmployed": 8.53,
      "returnOnInvestedCapital": null,
      "depreciationAndAmortization": 90000000,
      "sellingGeneralAndAdministrative": 308000000
    },
    {
      "ceo": "Lisa Su",
      "eps": 0.46,
      "cash": 1763000000,
      "cogs": 1858000000,
      "date": "2021-03-31",
      "debt": null,
      "ebit": 653000000,
      "capEx": 66000000,
      "assets": 31872597000,
      "ebitda": 748000000,
      "ticker": "AMD",
      "country": "USA",
      "revenue": 3422000000,
      "cashflow": 832000000,
      "exchange": "NASDAQ",
      "employees": 0,
      "incomeTax": 89000000,
      "netIncome": 555000000,
      "netMargin": 16.22,
      "fiscalYear": 2021,
      "grossMargin": 46.38,
      "grossProfit": 1587000000,
      "totalAssets": 10047000000,
      "currentAssets": 7197000000,
      "fiscalQuarter": 2,
      "dividendPayout": null,
      "researchAndDev": 610000000,
      "returnOnAssets": 5.52,
      "returnOnEquity": "8.57",
      "interestExpense": 9000000,
      "operatingIncome": 662000000,
      "operatingMargin": 19.35,
      "revenueSegments": {
        "products": [
          "",
          ""
        ],
        "productsSold": [
          0,
          0
        ]
      },
      "stockRepurchase": 0,
      "dividendPerShare": null,
      "shareholderEquity": 6477000000,
      "sharesOutstanding": 1215000000,
      "currentLiabilities": 2864000000,
      "stockBasedCompensation": 0,
      "returnOnCapitalEmployed": 9.09,
      "returnOnInvestedCapital": null,
      "depreciationAndAmortization": 95000000,
      "sellingGeneralAndAdministrative": 319000000
    },
    {
      "ceo": "Lisa Su",
      "eps": 0.59,
      "cash": 2623000000,
      "cogs": 2020000000,
      "date": "2021-06-30",
      "debt": null,
      "ebit": 833000000,
      "capEx": 64000000,
      "assets": 31872597000,
      "ebitda": 930000000,
      "ticker": "AMD",
      "country": "USA",
      "revenue": 3840000000,
      "cashflow": 888000000,
      "exchange": "NASDAQ",
      "employees": 0,
      "incomeTax": 113000000,
      "netIncome": 710000000,
      "netMargin": 18.49,
      "fiscalYear": 2021,
      "grossMargin": 47.66,
      "grossProfit": 1830000000,
      "totalAssets": 10691000000,
      "currentAssets": 7818000000,
      "fiscalQuarter": 2,
      "dividendPayout": null,
      "researchAndDev": 659000000,
      "returnOnAssets": 6.64,
      "returnOnEquity": "10.05",
      "interestExpense": 10000000,
      "operatingIncome": 831000000,
      "operatingMargin": 21.64,
      "revenueSegments": {
        "products": [
          "",
          ""
        ],
        "productsSold": [
          0,
          0
        ]
      },
      "stockRepurchase": 256000000,
      "dividendPerShare": null,
      "shareholderEquity": 7065000000,
      "sharesOutstanding": 1213000000,
      "currentLiabilities": 2892000000,
      "stockBasedCompensation": 0,
      "returnOnCapitalEmployed": 10.68,
      "returnOnInvestedCapital": null,
      "depreciationAndAmortization": 97000000,
      "sellingGeneralAndAdministrative": 341000000
    },
    {
      "ceo": "Lisa Su",
      "eps": 0.76,
      "cash": 2440000000,
      "cogs": 2227000000,
      "date": "2021-09-30",
      "debt": 312000000,
      "ebit": 1012000000,
      "capEx": 85000000,
      "assets": 31872597000,
      "ebitda": 1109000000,
      "ticker": "AMD",
      "country": "USA",
      "revenue": 4306000000,
      "cashflow": 764000000,
      "exchange": "NASDAQ",
      "employees": 0,
      "incomeTax": 82000000,
      "netIncome": 923000000,
      "netMargin": 21.44,
      "fiscalYear": 2021,
      "grossMargin": 48.44,
      "grossProfit": 2086000000,
      "totalAssets": 11153000000,
      "currentAssets": 7988000000,
      "fiscalQuarter": 2,
      "dividendPayout": null,
      "researchAndDev": 765000000,
      "returnOnAssets": 8.28,
      "returnOnEquity": "12.93",
      "interestExpense": 7000000,
      "operatingIncome": 948000000,
      "operatingMargin": 22.02,
      "revenueSegments": {
        "products": [
          "",
          ""
        ],
        "productsSold": [
          0,
          0
        ]
      },
      "stockRepurchase": 748000000,
      "dividendPerShare": null,
      "shareholderEquity": 7136000000,
      "sharesOutstanding": 1212000000,
      "currentLiabilities": 3564000000,
      "stockBasedCompensation": 0,
      "returnOnCapitalEmployed": 13.34,
      "returnOnInvestedCapital": null,
      "depreciationAndAmortization": 97000000,
      "sellingGeneralAndAdministrative": 376000000
    },
    {
      "ceo": "Lisa Su",
      "eps": 0.81,
      "cash": 2535000000,
      "cogs": 2400000000,
      "date": "2021-12-31",
      "debt": 312000000,
      "ebit": 1211000000,
      "capEx": 86000000,
      "assets": 31872597000,
      "ebitda": 1329000000,
      "ticker": "AMD",
      "country": "USA",
      "revenue": 4845000000,
      "cashflow": 736000000,
      "exchange": "NASDAQ",
      "employees": 0,
      "incomeTax": 229000000,
      "netIncome": 974000000,
      "netMargin": 20.1,
      "fiscalYear": 2021,
      "grossMargin": 50.07,
      "grossProfit": 2426000000,
      "totalAssets": 12419000000,
      "currentAssets": 8583000000,
      "fiscalQuarter": 2,
      "dividendPayout": null,
      "researchAndDev": 811000000,
      "returnOnAssets": 7.84,
      "returnOnEquity": "12.99",
      "interestExpense": 8000000,
      "operatingIncome": 1207000000,
      "operatingMargin": 24.91,
      "revenueSegments": {
        "products": [
          "",
          ""
        ],
        "productsSold": [
          0,
          0
        ]
      },
      "stockRepurchase": 758000000,
      "dividendPerShare": null,
      "shareholderEquity": 7497000000,
      "sharesOutstanding": 1207000000,
      "currentLiabilities": 4240000000,
      "stockBasedCompensation": 0,
      "returnOnCapitalEmployed": 14.81,
      "returnOnInvestedCapital": null,
      "depreciationAndAmortization": 118000000,
      "sellingGeneralAndAdministrative": 412000000
    },
    {
      "ceo": "Lisa Su",
      "eps": 0.49,
      "cash": 4740000000,
      "cogs": 3069000000,
      "date": "2022-03-31",
      "debt": 312000000,
      "ebit": 912000000,
      "capEx": 71000000,
      "assets": 31872597000,
      "ebitda": 1521000000,
      "ticker": "AMD",
      "country": "USA",
      "revenue": 5859000000,
      "cashflow": 924000000,
      "exchange": "NASDAQ",
      "employees": 0,
      "incomeTax": 113000000,
      "netIncome": 786000000,
      "netMargin": 13.42,
      "fiscalYear": 2022,
      "grossMargin": 48.1,
      "grossProfit": 2818000000,
      "totalAssets": 66915000000,
      "currentAssets": 13369000000,
      "fiscalQuarter": 2,
      "dividendPayout": null,
      "researchAndDev": 1060000000,
      "returnOnAssets": 1.17,
      "returnOnEquity": "1.42",
      "interestExpense": 13000000,
      "operatingIncome": 951000000,
      "operatingMargin": 16.23,
      "revenueSegments": {
        "products": [
          "",
          ""
        ],
        "productsSold": [
          0,
          0
        ]
      },
      "stockRepurchase": 1914000000,
      "dividendPerShare": null,
      "shareholderEquity": 55333000000,
      "sharesOutstanding": 1620000000,
      "currentLiabilities": 5581000000,
      "stockBasedCompensation": 0,
      "returnOnCapitalEmployed": 1.49,
      "returnOnInvestedCapital": null,
      "depreciationAndAmortization": 609000000,
      "sellingGeneralAndAdministrative": 597000000
    },
    {
      "ceo": "Lisa Su",
      "eps": 0.28,
      "cash": 4964000000,
      "cogs": 3522000000,
      "date": "2022-06-30",
      "debt": 312000000,
      "ebit": 526000000,
      "capEx": 132000000,
      "assets": 31872597000,
      "ebitda": 1706000000,
      "ticker": "AMD",
      "country": "USA",
      "revenue": 6525000000,
      "cashflow": 906000000,
      "exchange": "NASDAQ",
      "employees": 0,
      "incomeTax": 54000000,
      "netIncome": 447000000,
      "netMargin": 6.85,
      "fiscalYear": 2022,
      "grossMargin": 46.41,
      "grossProfit": 3028000000,
      "totalAssets": 67502000000,
      "currentAssets": 13462000000,
      "fiscalQuarter": 2,
      "dividendPayout": null,
      "researchAndDev": 1300000000,
      "returnOnAssets": 0.66,
      "returnOnEquity": "0.81",
      "interestExpense": 25000000,
      "operatingIncome": 526000000,
      "operatingMargin": 8.06,
      "revenueSegments": {
        "products": [
          "",
          ""
        ],
        "productsSold": [
          0,
          0
        ]
      },
      "stockRepurchase": 921000000,
      "dividendPerShare": null,
      "shareholderEquity": 55169000000,
      "sharesOutstanding": 1612000000,
      "currentLiabilities": 5523000000,
      "stockBasedCompensation": 0,
      "returnOnCapitalEmployed": 0.85,
      "returnOnInvestedCapital": null,
      "depreciationAndAmortization": 1180000000,
      "sellingGeneralAndAdministrative": 592000000
    },
    {
      "ceo": "Lisa Su",
      "eps": 0.04,
      "cash": 3398000000,
      "cogs": 3211000000,
      "date": "2022-09-30",
      "debt": 0,
      "ebit": -38000000,
      "capEx": 123000000,
      "assets": 31872597000,
      "ebitda": 1127000000,
      "ticker": "AMD",
      "country": "USA",
      "revenue": 5534000000,
      "cashflow": 842000000,
      "exchange": "NASDAQ",
      "employees": 0,
      "incomeTax": -135000000,
      "netIncome": 66000000,
      "netMargin": 1.19,
      "fiscalYear": 2022,
      "grossMargin": 42.54,
      "grossProfit": 2354000000,
      "totalAssets": 67811000000,
      "currentAssets": 14420000000,
      "fiscalQuarter": 2,
      "dividendPayout": null,
      "researchAndDev": 1279000000,
      "returnOnAssets": 0.1,
      "returnOnEquity": "0.12",
      "interestExpense": 31000000,
      "operatingIncome": -64000000,
      "operatingMargin": -1.16,
      "revenueSegments": {
        "products": [
          "",
          ""
        ],
        "productsSold": [
          0,
          0
        ]
      },
      "stockRepurchase": 617000000,
      "dividendPerShare": null,
      "shareholderEquity": 54542000000,
      "sharesOutstanding": 1612000000,
      "currentLiabilities": 6691000000,
      "stockBasedCompensation": 0,
      "returnOnCapitalEmployed": -0.06,
      "returnOnInvestedCapital": null,
      "depreciationAndAmortization": 1165000000,
      "sellingGeneralAndAdministrative": 557000000
    },
    {
      "ceo": "Lisa Su",
      "eps": 0.01,
      "cash": 4835000000,
      "cogs": 3196000000,
      "date": "2022-12-31",
      "debt": 0,
      "ebit": -114000000,
      "capEx": 124000000,
      "assets": 31872597000,
      "ebitda": 1106000000,
      "ticker": "AMD",
      "country": "USA",
      "revenue": 5732000000,
      "cashflow": 443000000,
      "exchange": "NASDAQ",
      "employees": 0,
      "incomeTax": -154000000,
      "netIncome": 21000000,
      "netMargin": 0.37,
      "fiscalYear": 2022,
      "grossMargin": 41.92,
      "grossProfit": 2403000000,
      "totalAssets": 67580000000,
      "currentAssets": 15019000000,
      "fiscalQuarter": 2,
      "dividendPayout": null,
      "researchAndDev": 1366000000,
      "returnOnAssets": 0.03,
      "returnOnEquity": "0.04",
      "interestExpense": 19000000,
      "operatingIncome": -149000000,
      "operatingMargin": -2.6,
      "revenueSegments": {
        "products": [
          "",
          ""
        ],
        "productsSold": [
          0,
          0
        ]
      },
      "stockRepurchase": 250000000,
      "dividendPerShare": null,
      "shareholderEquity": 54750000000,
      "sharesOutstanding": 1612000000,
      "currentLiabilities": 6369000000,
      "stockBasedCompensation": 0,
      "returnOnCapitalEmployed": -0.19,
      "returnOnInvestedCapital": null,
      "depreciationAndAmortization": 1220000000,
      "sellingGeneralAndAdministrative": 590000000
    },
    {
      "ceo": "Lisa Su",
      "eps": -0.09,
      "cash": 3825000000,
      "cogs": 2994000000,
      "date": "2023-03-31",
      "debt": null,
      "ebit": -101000000,
      "capEx": 158000000,
      "assets": 31872597000,
      "ebitda": 1704000000,
      "ticker": "AMD",
      "country": "USA",
      "revenue": 5322000000,
      "cashflow": 328000000,
      "exchange": "NASDAQ",
      "employees": 0,
      "incomeTax": 13000000,
      "netIncome": -139000000,
      "netMargin": -2.61,
      "fiscalYear": 2023,
      "grossMargin": 44.33,
      "grossProfit": 2359000000,
      "totalAssets": 67634000000,
      "currentAssets": 15658000000,
      "fiscalQuarter": 2,
      "dividendPayout": null,
      "researchAndDev": 1411000000,
      "returnOnAssets": -0.21,
      "returnOnEquity": "-0.25",
      "interestExpense": 25000000,
      "operatingIncome": -145000000,
      "operatingMargin": -2.72,
      "revenueSegments": {
        "products": [
          "",
          ""
        ],
        "productsSold": [
          0,
          0
        ]
      },
      "stockRepurchase": 241000000,
      "dividendPerShare": null,
      "shareholderEquity": 54694000000,
      "sharesOutstanding": 1609000000,
      "currentLiabilities": 6577000000,
      "stockBasedCompensation": 0,
      "returnOnCapitalEmployed": -0.17,
      "returnOnInvestedCapital": null,
      "depreciationAndAmortization": 1805000000,
      "sellingGeneralAndAdministrative": 585000000
    }
  ],
  "fundamentalsAnno": [
    {
      "ceo": "Lisa Su",
      "eps": 0.34,
      "cash": 1078000000,
      "cogs": 4028000000,
      "date": "2018-12-31",
      "debt": 136000000,
      "ebit": 449000000,
      "capEx": 163000000,
      "assets": 31872597000,
      "ebitda": 619000000,
      "ticker": "AMD",
      "country": "USA",
      "revenue": 6481000000,
      "cashflow": -129000000,
      "exchange": "NASDAQ",
      "employees": 10000,
      "incomeTax": -9000000,
      "netIncome": 337000000,
      "netMargin": 5.2,
      "fiscalYear": 2018,
      "grossMargin": 37.76,
      "grossProfit": 2447000000,
      "totalAssets": 4556000000,
      "currentAssets": 3540000000,
      "fiscalQuarter": 4,
      "dividendPayout": null,
      "researchAndDev": 1434000000,
      "returnOnAssets": 7.4,
      "returnOnEquity": 26.62,
      "interestExpense": 121000000,
      "operatingIncome": 451000000,
      "operatingMargin": 6.96,
      "revenueSegments": {
        "products": [
          "Data Center",
          "Client",
          "Gaming",
          "Embedded",
          "Computing and Graphics",
          "Enterprise, Embedded and Semi-Custom"
        ],
        "productsSold": [
          0,
          0,
          0,
          0,
          4125000000,
          2350000000
        ]
      },
      "stockRepurchase": null,
      "dividendPerShare": null,
      "shareholderEquity": 1266000000,
      "sharesOutstanding": 1005000000,
      "currentLiabilities": 1984000000,
      "stockBasedCompensation": 137000000,
      "returnOnCapitalEmployed": 17.46,
      "returnOnInvestedCapital": null,
      "depreciationAndAmortization": 170000000,
      "sellingGeneralAndAdministrative": 562000000
    },
    {
      "ceo": "Lisa Su",
      "eps": 0.29,
      "cash": 1466000000,
      "cogs": 3863000000,
      "date": "2019-12-31",
      "debt": 0,
      "ebit": 466000000,
      "capEx": 217000000,
      "assets": 31872597000,
      "ebitda": 688000000,
      "ticker": "AMD",
      "country": "USA",
      "revenue": 6528000000,
      "cashflow": 276000000,
      "exchange": "NASDAQ",
      "employees": 11400,
      "incomeTax": 31000000,
      "netIncome": 341000000,
      "netMargin": 5.22,
      "fiscalYear": 2019,
      "grossMargin": 43.93,
      "grossProfit": 2868000000,
      "totalAssets": 6028000000,
      "currentAssets": 4597000000,
      "fiscalQuarter": 4,
      "dividendPayout": null,
      "researchAndDev": 1547000000,
      "returnOnAssets": 5.66,
      "returnOnEquity": 12.06,
      "interestExpense": 94000000,
      "operatingIncome": 631000000,
      "operatingMargin": 9.67,
      "revenueSegments": {
        "products": [
          "Data Center",
          "Client",
          "Gaming",
          "Embedded",
          "Computing and Graphics",
          "Enterprise, Embedded and Semi-Custom"
        ],
        "productsSold": [
          0,
          0,
          0,
          0,
          4709000000,
          2022000000
        ]
      },
      "stockRepurchase": 0,
      "dividendPerShare": null,
      "shareholderEquity": 2827000000,
      "sharesOutstanding": 1170000000,
      "currentLiabilities": 2359000000,
      "stockBasedCompensation": 197000000,
      "returnOnCapitalEmployed": 12.7,
      "returnOnInvestedCapital": null,
      "depreciationAndAmortization": 222000000,
      "sellingGeneralAndAdministrative": 750000000
    },
    {
      "ceo": "Lisa Su",
      "eps": 2.06,
      "cash": 1595000000,
      "cogs": 5416000000,
      "date": "2020-12-31",
      "debt": 0,
      "ebit": 1327000000,
      "capEx": 294000000,
      "assets": 31872597000,
      "ebitda": 1639000000,
      "ticker": "AMD",
      "country": "USA",
      "revenue": 9684000000,
      "cashflow": 777000000,
      "exchange": "NASDAQ",
      "employees": 12600,
      "incomeTax": -1210000000,
      "netIncome": 2490000000,
      "netMargin": 25.71,
      "fiscalYear": 2020,
      "grossMargin": 44.89,
      "grossProfit": 4347000000,
      "totalAssets": 8962000000,
      "currentAssets": 6143000000,
      "fiscalQuarter": 4,
      "dividendPayout": null,
      "researchAndDev": 1983000000,
      "returnOnAssets": 27.78,
      "returnOnEquity": 42.66,
      "interestExpense": 47000000,
      "operatingIncome": 1369000000,
      "operatingMargin": 14.14,
      "revenueSegments": {
        "products": [
          "Data Center",
          "Client",
          "Gaming",
          "Embedded",
          "Computing and Graphics",
          "Enterprise, Embedded and Semi-Custom"
        ],
        "productsSold": [
          0,
          0,
          0,
          0,
          6432000000,
          3331000000
        ]
      },
      "stockRepurchase": 0,
      "dividendPerShare": null,
      "shareholderEquity": 5837000000,
      "sharesOutstanding": 1211000000,
      "currentLiabilities": 2417000000,
      "stockBasedCompensation": 274000000,
      "returnOnCapitalEmployed": 20.28,
      "returnOnInvestedCapital": null,
      "depreciationAndAmortization": 312000000,
      "sellingGeneralAndAdministrative": 995000000
    },
    {
      "ceo": "Lisa Su",
      "eps": 2.62,
      "cash": 2535000000,
      "cogs": 8505000000,
      "date": "2021-12-31",
      "debt": 312000000,
      "ebit": 3709000000,
      "capEx": 301000000,
      "assets": 31872597000,
      "ebitda": 4116000000,
      "ticker": "AMD",
      "country": "USA",
      "revenue": 16401000000,
      "cashflow": 3220000000,
      "exchange": "NASDAQ",
      "employees": 15500,
      "incomeTax": 513000000,
      "netIncome": 3162000000,
      "netMargin": 19.28,
      "fiscalYear": 2021,
      "grossMargin": 48.34,
      "grossProfit": 7929000000,
      "totalAssets": 12419000000,
      "currentAssets": 8583000000,
      "fiscalQuarter": 4,
      "dividendPayout": null,
      "researchAndDev": 2845000000,
      "returnOnAssets": 25.46,
      "returnOnEquity": 42.18,
      "interestExpense": 34000000,
      "operatingIncome": 3648000000,
      "operatingMargin": 22.24,
      "revenueSegments": {
        "products": [
          "Data Center",
          "Client",
          "Gaming",
          "Embedded",
          "Computing and Graphics",
          "Enterprise, Embedded and Semi-Custom"
        ],
        "productsSold": [
          3694000000,
          6887000000,
          5607000000,
          246000000,
          0,
          0
        ]
      },
      "stockRepurchase": 1762000000,
      "dividendPerShare": null,
      "shareholderEquity": 7497000000,
      "sharesOutstanding": 1207000000,
      "currentLiabilities": 4240000000,
      "stockBasedCompensation": 379000000,
      "returnOnCapitalEmployed": 45.35,
      "returnOnInvestedCapital": null,
      "depreciationAndAmortization": 407000000,
      "sellingGeneralAndAdministrative": 1448000000
    },
    {
      "ceo": "Lisa Su",
      "eps": 0.82,
      "cash": 4835000000,
      "cogs": 12998000000,
      "date": "2022-12-31",
      "debt": 0,
      "ebit": 1286000000,
      "capEx": 450000000,
      "assets": 31872597000,
      "ebitda": 5460000000,
      "ticker": "AMD",
      "country": "USA",
      "revenue": 23650000000,
      "cashflow": 3115000000,
      "exchange": "NASDAQ",
      "employees": 25000,
      "incomeTax": -122000000,
      "netIncome": 1320000000,
      "netMargin": 5.58,
      "fiscalYear": 2022,
      "grossMargin": 44.83,
      "grossProfit": 10603000000,
      "totalAssets": 67580000000,
      "currentAssets": 15019000000,
      "fiscalQuarter": 4,
      "dividendPayout": null,
      "researchAndDev": 5005000000,
      "returnOnAssets": 1.95,
      "returnOnEquity": 2.41,
      "interestExpense": 88000000,
      "operatingIncome": 1264000000,
      "operatingMargin": 5.34,
      "revenueSegments": {
        "products": [
          "Data Center",
          "Client",
          "Gaming",
          "Embedded",
          "Computing and Graphics",
          "Enterprise, Embedded and Semi-Custom"
        ],
        "productsSold": [
          6043000000,
          6201000000,
          6805000000,
          4552000000,
          0,
          0
        ]
      },
      "stockRepurchase": 3702000000,
      "dividendPerShare": null,
      "shareholderEquity": 54750000000,
      "sharesOutstanding": 1612000000,
      "currentLiabilities": 6369000000,
      "stockBasedCompensation": 1080000000,
      "returnOnCapitalEmployed": 2.1,
      "returnOnInvestedCapital": null,
      "depreciationAndAmortization": 4174000000,
      "sellingGeneralAndAdministrative": 2336000000
    }
  ]
}