{
  "id": 5,
  "created_at": "2023-06-18 10:40:11.725127+00",
  "ticker": "goog",
  "description": "",
  "companyName": "Alphabet",
  "ceo": "Sundar Pichai",
  "website": "https://www.google.com/",
  "fundamentals": [
    {
      "ceo": "Sundar Pichai",
      "eps": "4.59",
      "cash": 14148000000,
      "cogs": 13883000000,
      "date": "2018-06-30",
      "debt": null,
      "ebit": 4242000000,
      "capEx": 5477000000,
      "assets": 31872597000,
      "ebitda": 10392000000,
      "ticker": "GOOG",
      "country": "USA",
      "revenue": 32657000000,
      "cashflow": 4655000000,
      "exchange": "NASDAQ",
      "employees": 0,
      "incomeTax": 1020000000,
      "netIncome": 3195000000,
      "netMargin": "9.78",
      "fiscalYear": 2018,
      "grossMargin": "57.49",
      "grossProfit": 18774000000,
      "totalAssets": 211610000000,
      "currentAssets": 124157000000,
      "fiscalQuarter": 2,
      "dividendPayout": null,
      "researchAndDev": 5114000000,
      "returnOnAssets": "1.51",
      "returnOnEquity": "1.97",
      "interestExpense": 27000000,
      "operatingIncome": 3045000000,
      "operatingMargin": "9.32",
      "revenueSegments": {
        "products": [
          "",
          ""
        ],
        "productsSold": [
          0,
          0
        ]
      },
      "stockRepurchase": 2052000000,
      "dividendPerShare": null,
      "shareholderEquity": 162000000000,
      "sharesOutstanding": 695946000,
      "currentLiabilities": 29903000000,
      "stockBasedCompensation": 0,
      "returnOnCapitalEmployed": "2.33",
      "returnOnInvestedCapital": "NaN",
      "depreciationAndAmortization": 2114000000,
      "sellingGeneralAndAdministrative": 5782000000
    },
    {
      "ceo": "Sundar Pichai",
      "eps": "13.21",
      "cash": 13443000000,
      "cogs": 14281000000,
      "date": "2018-09-30",
      "debt": null,
      "ebit": 10111000000,
      "capEx": 5282000000,
      "assets": 31872597000,
      "ebitda": 11168000000,
      "ticker": "GOOG",
      "country": "USA",
      "revenue": 33740000000,
      "cashflow": 7928000000,
      "exchange": "NASDAQ",
      "employees": 0,
      "incomeTax": 891000000,
      "netIncome": 9192000000,
      "netMargin": "27.24",
      "fiscalYear": 2018,
      "grossMargin": "57.67",
      "grossProfit": 19459000000,
      "totalAssets": 221538000000,
      "currentAssets": 129702000000,
      "fiscalQuarter": 2,
      "dividendPayout": null,
      "researchAndDev": 5232000000,
      "returnOnAssets": "4.15",
      "returnOnEquity": "5.41",
      "interestExpense": 28000000,
      "operatingIncome": 8625000000,
      "operatingMargin": "25.56",
      "revenueSegments": {
        "products": [
          "",
          ""
        ],
        "productsSold": [
          0,
          0
        ]
      },
      "stockRepurchase": 2200000000,
      "dividendPerShare": null,
      "shareholderEquity": 169840000000,
      "sharesOutstanding": 695957000,
      "currentLiabilities": 31301000000,
      "stockBasedCompensation": 0,
      "returnOnCapitalEmployed": "5.31",
      "returnOnInvestedCapital": "NaN",
      "depreciationAndAmortization": 2355000000,
      "sellingGeneralAndAdministrative": 5917000000
    },
    {
      "ceo": "Sundar Pichai",
      "eps": "12.86",
      "cash": 16701000000,
      "cogs": 17918000000,
      "date": "2018-12-31",
      "debt": null,
      "ebit": 10101000000,
      "capEx": 7081000000,
      "assets": 31872597000,
      "ebitda": 11412000000,
      "ticker": "GOOG",
      "country": "USA",
      "revenue": 39276000000,
      "cashflow": 5906000000,
      "exchange": "NASDAQ",
      "employees": 0,
      "incomeTax": 1124000000,
      "netIncome": 8948000000,
      "netMargin": "22.78",
      "fiscalYear": 2018,
      "grossMargin": "54.38",
      "grossProfit": 21358000000,
      "totalAssets": 232792000000,
      "currentAssets": 135676000000,
      "fiscalQuarter": 2,
      "dividendPayout": null,
      "researchAndDev": 6034000000,
      "returnOnAssets": "3.84",
      "returnOnEquity": "5.04",
      "interestExpense": 29000000,
      "operatingIncome": 8221000000,
      "operatingMargin": "20.93",
      "revenueSegments": {
        "products": [
          "",
          ""
        ],
        "productsSold": [
          0,
          0
        ]
      },
      "stockRepurchase": 2650000000,
      "dividendPerShare": null,
      "shareholderEquity": 177628000000,
      "sharesOutstanding": 695556000,
      "currentLiabilities": 34620000000,
      "stockBasedCompensation": 0,
      "returnOnCapitalEmployed": "5.10",
      "returnOnInvestedCapital": "NaN",
      "depreciationAndAmortization": 2580000000,
      "sellingGeneralAndAdministrative": 7121000000
    },
    {
      "ceo": "Sundar Pichai",
      "eps": "9.58",
      "cash": 19148000000,
      "cogs": 16012000000,
      "date": "2019-03-31",
      "debt": null,
      "ebit": 8181000000,
      "capEx": 4638000000,
      "assets": 31872597000,
      "ebitda": 11336000000,
      "ticker": "GOOG",
      "country": "USA",
      "revenue": 36339000000,
      "cashflow": 7362000000,
      "exchange": "NASDAQ",
      "employees": 0,
      "incomeTax": 1489000000,
      "netIncome": 6657000000,
      "netMargin": "18.32",
      "fiscalYear": 2019,
      "grossMargin": "55.94",
      "grossProfit": 20327000000,
      "totalAssets": 245349000000,
      "currentAssets": 138207000000,
      "fiscalQuarter": 2,
      "dividendPayout": null,
      "researchAndDev": 6029000000,
      "returnOnAssets": "2.71",
      "returnOnEquity": "3.63",
      "interestExpense": 35000000,
      "operatingIncome": 6608000000,
      "operatingMargin": "18.18",
      "revenueSegments": {
        "products": [
          "",
          ""
        ],
        "productsSold": [
          0,
          0
        ]
      },
      "stockRepurchase": 3025000000,
      "dividendPerShare": null,
      "shareholderEquity": 183472000000,
      "sharesOutstanding": 694782000,
      "currentLiabilities": 34910000000,
      "stockBasedCompensation": 0,
      "returnOnCapitalEmployed": "3.89",
      "returnOnInvestedCapital": "NaN",
      "depreciationAndAmortization": 2613000000,
      "sellingGeneralAndAdministrative": 5993000000
    },
    {
      "ceo": "Sundar Pichai",
      "eps": "14.33",
      "cash": 16587000000,
      "cogs": 17296000000,
      "date": "2019-06-30",
      "debt": null,
      "ebit": 12172000000,
      "capEx": 6126000000,
      "assets": 31872597000,
      "ebitda": 12262000000,
      "ticker": "GOOG",
      "country": "USA",
      "revenue": 39045000000,
      "cashflow": 6501000000,
      "exchange": "NASDAQ",
      "employees": 0,
      "incomeTax": 2200000000,
      "netIncome": 9947000000,
      "netMargin": "25.48",
      "fiscalYear": 2019,
      "grossMargin": "55.70",
      "grossProfit": 21749000000,
      "totalAssets": 257101000000,
      "currentAssets": 147437000000,
      "fiscalQuarter": 2,
      "dividendPayout": null,
      "researchAndDev": 6213000000,
      "returnOnAssets": "3.87",
      "returnOnEquity": "5.18",
      "interestExpense": 25000000,
      "operatingIncome": 9180000000,
      "operatingMargin": "23.51",
      "revenueSegments": {
        "products": [
          "",
          ""
        ],
        "productsSold": [
          0,
          0
        ]
      },
      "stockRepurchase": 3577000000,
      "dividendPerShare": null,
      "shareholderEquity": 192192000000,
      "sharesOutstanding": 694050000,
      "currentLiabilities": 37000000000,
      "stockBasedCompensation": 0,
      "returnOnCapitalEmployed": "5.53",
      "returnOnInvestedCapital": "NaN",
      "depreciationAndAmortization": 2835000000,
      "sellingGeneralAndAdministrative": 6255000000
    },
    {
      "ceo": "Sundar Pichai",
      "eps": "10.23",
      "cash": 16032000000,
      "cogs": 17568000000,
      "date": "2019-09-30",
      "debt": null,
      "ebit": 8651000000,
      "capEx": 6732000000,
      "assets": 31872597000,
      "ebitda": 13009000000,
      "ticker": "GOOG",
      "country": "USA",
      "revenue": 40503000000,
      "cashflow": 8734000000,
      "exchange": "NASDAQ",
      "employees": 0,
      "incomeTax": 1560000000,
      "netIncome": 7068000000,
      "netMargin": "17.45",
      "fiscalYear": 2019,
      "grossMargin": "56.63",
      "grossProfit": 22935000000,
      "totalAssets": 263044000000,
      "currentAssets": 148358000000,
      "fiscalQuarter": 2,
      "dividendPayout": null,
      "researchAndDev": 6554000000,
      "returnOnAssets": "2.69",
      "returnOnEquity": "3.63",
      "interestExpense": 23000000,
      "operatingIncome": 9177000000,
      "operatingMargin": "22.66",
      "revenueSegments": {
        "products": [
          "",
          ""
        ],
        "productsSold": [
          0,
          0
        ]
      },
      "stockRepurchase": 5696000000,
      "dividendPerShare": null,
      "shareholderEquity": 194969000000,
      "sharesOutstanding": 690906000,
      "currentLiabilities": 39224000000,
      "stockBasedCompensation": 0,
      "returnOnCapitalEmployed": "3.87",
      "returnOnInvestedCapital": "NaN",
      "depreciationAndAmortization": 2920000000,
      "sellingGeneralAndAdministrative": 7200000000
    },
    {
      "ceo": "Sundar Pichai",
      "eps": "15.50",
      "cash": 18498000000,
      "cogs": 21020000000,
      "date": "2019-12-31",
      "debt": 1199000000,
      "ebit": 10721000000,
      "capEx": 6052000000,
      "assets": 31872597000,
      "ebitda": 13695000000,
      "ticker": "GOOG",
      "country": "USA",
      "revenue": 45569000000,
      "cashflow": 8375000000,
      "exchange": "NASDAQ",
      "employees": 0,
      "incomeTax": 33000000,
      "netIncome": 10671000000,
      "netMargin": "23.42",
      "fiscalYear": 2019,
      "grossMargin": "54.54",
      "grossProfit": 24855000000,
      "totalAssets": 275909000000,
      "currentAssets": 152578000000,
      "fiscalQuarter": 2,
      "dividendPayout": null,
      "researchAndDev": 7222000000,
      "returnOnAssets": "3.87",
      "returnOnEquity": "5.30",
      "interestExpense": 17000000,
      "operatingIncome": 9266000000,
      "operatingMargin": "20.33",
      "revenueSegments": {
        "products": [
          "",
          ""
        ],
        "productsSold": [
          0,
          0
        ]
      },
      "stockRepurchase": 6098000000,
      "dividendPerShare": null,
      "shareholderEquity": 201442000000,
      "sharesOutstanding": 688335000,
      "currentLiabilities": 45221000000,
      "stockBasedCompensation": 0,
      "returnOnCapitalEmployed": "4.65",
      "returnOnInvestedCapital": "NaN",
      "depreciationAndAmortization": 3413000000,
      "sellingGeneralAndAdministrative": 8567000000
    },
    {
      "ceo": "Sundar Pichai",
      "eps": "9.99",
      "cash": 19644000000,
      "cogs": 18982000000,
      "date": "2020-03-31",
      "debt": 1312000000,
      "ebit": 7778000000,
      "capEx": 6005000000,
      "assets": 31872597000,
      "ebitda": 11769000000,
      "ticker": "GOOG",
      "country": "USA",
      "revenue": 41159000000,
      "cashflow": 5446000000,
      "exchange": "NASDAQ",
      "employees": 0,
      "incomeTax": 921000000,
      "netIncome": 6836000000,
      "netMargin": "16.61",
      "fiscalYear": 2020,
      "grossMargin": "53.88",
      "grossProfit": 22177000000,
      "totalAssets": 273403000000,
      "currentAssets": 147018000000,
      "fiscalQuarter": 2,
      "dividendPayout": null,
      "researchAndDev": 6820000000,
      "returnOnAssets": "2.50",
      "returnOnEquity": "3.36",
      "interestExpense": 21000000,
      "operatingIncome": 7977000000,
      "operatingMargin": "19.38",
      "revenueSegments": {
        "products": [
          "",
          ""
        ],
        "productsSold": [
          0,
          0
        ]
      },
      "stockRepurchase": 8496000000,
      "dividendPerShare": null,
      "shareholderEquity": 203659000000,
      "sharesOutstanding": 683972000,
      "currentLiabilities": 40189000000,
      "stockBasedCompensation": 0,
      "returnOnCapitalEmployed": "3.34",
      "returnOnInvestedCapital": "NaN",
      "depreciationAndAmortization": 3108000000,
      "sellingGeneralAndAdministrative": 7380000000
    },
    {
      "ceo": "Sundar Pichai",
      "eps": "10.22",
      "cash": 17742000000,
      "cogs": 18553000000,
      "date": "2020-06-30",
      "debt": 1136000000,
      "ebit": 8290000000,
      "capEx": 5391000000,
      "assets": 31872597000,
      "ebitda": 9926000000,
      "ticker": "GOOG",
      "country": "USA",
      "revenue": 38297000000,
      "cashflow": 8602000000,
      "exchange": "NASDAQ",
      "employees": 0,
      "incomeTax": 1318000000,
      "netIncome": 6959000000,
      "netMargin": "18.17",
      "fiscalYear": 2020,
      "grossMargin": "51.55",
      "grossProfit": 19744000000,
      "totalAssets": 278492000000,
      "currentAssets": 149069000000,
      "fiscalQuarter": 2,
      "dividendPayout": null,
      "researchAndDev": 6875000000,
      "returnOnAssets": "2.50",
      "returnOnEquity": "3.36",
      "interestExpense": 13000000,
      "operatingIncome": 6383000000,
      "operatingMargin": "16.67",
      "revenueSegments": {
        "products": [
          "",
          ""
        ],
        "productsSold": [
          0,
          0
        ]
      },
      "stockRepurchase": 6852000000,
      "dividendPerShare": null,
      "shareholderEquity": 207322000000,
      "sharesOutstanding": 681215000,
      "currentLiabilities": 43658000000,
      "stockBasedCompensation": 0,
      "returnOnCapitalEmployed": "3.53",
      "returnOnInvestedCapital": "NaN",
      "depreciationAndAmortization": 3386000000,
      "sellingGeneralAndAdministrative": 6486000000
    },
    {
      "ceo": "Sundar Pichai",
      "eps": "16.60",
      "cash": 20129000000,
      "cogs": 21117000000,
      "date": "2020-09-30",
      "debt": 1121000000,
      "ebit": 13407000000,
      "capEx": 5406000000,
      "assets": 31872597000,
      "ebitda": 14954000000,
      "ticker": "GOOG",
      "country": "USA",
      "revenue": 46130000000,
      "cashflow": 11597000000,
      "exchange": "NASDAQ",
      "employees": 0,
      "incomeTax": 2112000000,
      "netIncome": 11247000000,
      "netMargin": "24.38",
      "fiscalYear": 2020,
      "grossMargin": "54.22",
      "grossProfit": 25013000000,
      "totalAssets": 299243000000,
      "currentAssets": 164369000000,
      "fiscalQuarter": 2,
      "dividendPayout": null,
      "researchAndDev": 6856000000,
      "returnOnAssets": "3.76",
      "returnOnEquity": "5.28",
      "interestExpense": 48000000,
      "operatingIncome": 11213000000,
      "operatingMargin": "24.31",
      "revenueSegments": {
        "products": [
          "",
          ""
        ],
        "productsSold": [
          0,
          0
        ]
      },
      "stockRepurchase": 7897000000,
      "dividendPerShare": null,
      "shareholderEquity": 212920000000,
      "sharesOutstanding": 677724000,
      "currentLiabilities": 48200000000,
      "stockBasedCompensation": 0,
      "returnOnCapitalEmployed": "5.34",
      "returnOnInvestedCapital": "NaN",
      "depreciationAndAmortization": 3478000000,
      "sellingGeneralAndAdministrative": 6987000000
    },
    {
      "ceo": "Sundar Pichai",
      "eps": "22.55",
      "cash": 26465000000,
      "cogs": 26080000000,
      "date": "2020-12-31",
      "debt": 1100000000,
      "ebit": 18742000000,
      "capEx": 5479000000,
      "assets": 31872597000,
      "ebitda": 19292000000,
      "ticker": "GOOG",
      "country": "USA",
      "revenue": 56118000000,
      "cashflow": 17198000000,
      "exchange": "NASDAQ",
      "employees": 0,
      "incomeTax": 3462000000,
      "netIncome": 15227000000,
      "netMargin": "27.13",
      "fiscalYear": 2020,
      "grossMargin": "53.53",
      "grossProfit": 30038000000,
      "totalAssets": 319616000000,
      "currentAssets": 174296000000,
      "fiscalQuarter": 2,
      "dividendPayout": null,
      "researchAndDev": 7022000000,
      "returnOnAssets": "4.76",
      "returnOnEquity": "6.84",
      "interestExpense": 53000000,
      "operatingIncome": 15651000000,
      "operatingMargin": "27.89",
      "revenueSegments": {
        "products": [
          "",
          ""
        ],
        "productsSold": [
          0,
          0
        ]
      },
      "stockRepurchase": 7904000000,
      "dividendPerShare": null,
      "shareholderEquity": 222544000000,
      "sharesOutstanding": 675222000,
      "currentLiabilities": 56834000000,
      "stockBasedCompensation": 0,
      "returnOnCapitalEmployed": "7.13",
      "returnOnInvestedCapital": "NaN",
      "depreciationAndAmortization": 3725000000,
      "sellingGeneralAndAdministrative": 8145000000
    },
    {
      "ceo": "Sundar Pichai",
      "eps": "26.72",
      "cash": 26622000000,
      "cogs": 24103000000,
      "date": "2021-03-31",
      "debt": 1090000000,
      "ebit": 21359000000,
      "capEx": 5942000000,
      "assets": 31872597000,
      "ebitda": 19248000000,
      "ticker": "GOOG",
      "country": "USA",
      "revenue": 55314000000,
      "cashflow": 13347000000,
      "exchange": "NASDAQ",
      "employees": 0,
      "incomeTax": 3353000000,
      "netIncome": 17930000000,
      "netMargin": "32.41",
      "fiscalYear": 2021,
      "grossMargin": "56.43",
      "grossProfit": 31211000000,
      "totalAssets": 327095000000,
      "currentAssets": 172137000000,
      "fiscalQuarter": 2,
      "dividendPayout": null,
      "researchAndDev": 7485000000,
      "returnOnAssets": "5.48",
      "returnOnEquity": "7.80",
      "interestExpense": 76000000,
      "operatingIncome": 16437000000,
      "operatingMargin": "29.72",
      "revenueSegments": {
        "products": [
          "",
          ""
        ],
        "productsSold": [
          0,
          0
        ]
      },
      "stockRepurchase": 11395000000,
      "dividendPerShare": null,
      "shareholderEquity": 230013000000,
      "sharesOutstanding": 671094000,
      "currentLiabilities": 55453000000,
      "stockBasedCompensation": 0,
      "returnOnCapitalEmployed": "7.86",
      "returnOnInvestedCapital": "NaN",
      "depreciationAndAmortization": 2753000000,
      "sellingGeneralAndAdministrative": 7289000000
    },
    {
      "ceo": "Sundar Pichai",
      "eps": "27.75",
      "cash": 23630000000,
      "cogs": 26227000000,
      "date": "2021-06-30",
      "debt": 117000000,
      "ebit": 22061000000,
      "capEx": 5496000000,
      "assets": 31872597000,
      "ebitda": 22174000000,
      "ticker": "GOOG",
      "country": "USA",
      "revenue": 61880000000,
      "cashflow": 16394000000,
      "exchange": "NASDAQ",
      "employees": 0,
      "incomeTax": 3460000000,
      "netIncome": 18525000000,
      "netMargin": "29.94",
      "fiscalYear": 2021,
      "grossMargin": "57.62",
      "grossProfit": 35653000000,
      "totalAssets": 335387000000,
      "currentAssets": 175697000000,
      "fiscalQuarter": 2,
      "dividendPayout": null,
      "researchAndDev": 7675000000,
      "returnOnAssets": "5.52",
      "returnOnEquity": "7.80",
      "interestExpense": 76000000,
      "operatingIncome": 19361000000,
      "operatingMargin": "31.29",
      "revenueSegments": {
        "products": [
          "",
          ""
        ],
        "productsSold": [
          0,
          0
        ]
      },
      "stockRepurchase": 12796000000,
      "dividendPerShare": null,
      "shareholderEquity": 237565000000,
      "sharesOutstanding": 667637000,
      "currentLiabilities": 55741000000,
      "stockBasedCompensation": 0,
      "returnOnCapitalEmployed": "7.89",
      "returnOnInvestedCapital": "NaN",
      "depreciationAndAmortization": 2945000000,
      "sellingGeneralAndAdministrative": 8617000000
    },
    {
      "ceo": "Sundar Pichai",
      "eps": "28.49",
      "cash": 23719000000,
      "cogs": 27621000000,
      "date": "2021-09-30",
      "debt": 249000000,
      "ebit": 23141000000,
      "capEx": 6819000000,
      "assets": 31872597000,
      "ebitda": 24426000000,
      "ticker": "GOOG",
      "country": "USA",
      "revenue": 64928000000,
      "cashflow": 18720000000,
      "exchange": "NASDAQ",
      "employees": 0,
      "incomeTax": 4128000000,
      "netIncome": 18936000000,
      "netMargin": "29.16",
      "fiscalYear": 2021,
      "grossMargin": "57.46",
      "grossProfit": 37307000000,
      "totalAssets": 347403000000,
      "currentAssets": 184110000000,
      "fiscalQuarter": 2,
      "dividendPayout": null,
      "researchAndDev": 7694000000,
      "returnOnAssets": "5.45",
      "returnOnEquity": "7.74",
      "interestExpense": 77000000,
      "operatingIncome": 21031000000,
      "operatingMargin": "32.39",
      "revenueSegments": {
        "products": [
          "",
          ""
        ],
        "productsSold": [
          0,
          0
        ]
      },
      "stockRepurchase": 12610000000,
      "dividendPerShare": null,
      "shareholderEquity": 244567000000,
      "sharesOutstanding": 664682000,
      "currentLiabilities": 61782000000,
      "stockBasedCompensation": 0,
      "returnOnCapitalEmployed": "8.10",
      "returnOnInvestedCapital": "NaN",
      "depreciationAndAmortization": 3304000000,
      "sellingGeneralAndAdministrative": 8772000000
    },
    {
      "ceo": "Sundar Pichai",
      "eps": "31.18",
      "cash": 20945000000,
      "cogs": 32988000000,
      "date": "2021-12-31",
      "debt": 113000000,
      "ebit": 24519000000,
      "capEx": 6383000000,
      "assets": 31872597000,
      "ebitda": 25643000000,
      "ticker": "GOOG",
      "country": "USA",
      "revenue": 75140000000,
      "cashflow": 18551000000,
      "exchange": "NASDAQ",
      "employees": 0,
      "incomeTax": 3760000000,
      "netIncome": 20642000000,
      "netMargin": "27.47",
      "fiscalYear": 2021,
      "grossMargin": "56.10",
      "grossProfit": 42152000000,
      "totalAssets": 359268000000,
      "currentAssets": 188143000000,
      "fiscalQuarter": 2,
      "dividendPayout": null,
      "researchAndDev": 8708000000,
      "returnOnAssets": "5.75",
      "returnOnEquity": "8.20",
      "interestExpense": 117000000,
      "operatingIncome": 21885000000,
      "operatingMargin": "29.13",
      "revenueSegments": {
        "products": [
          "",
          ""
        ],
        "productsSold": [
          0,
          0
        ]
      },
      "stockRepurchase": 13473000000,
      "dividendPerShare": null,
      "shareholderEquity": 251635000000,
      "sharesOutstanding": 662121000,
      "currentLiabilities": 64254000000,
      "stockBasedCompensation": 0,
      "returnOnCapitalEmployed": "8.31",
      "returnOnInvestedCapital": "NaN",
      "depreciationAndAmortization": 3439000000,
      "sellingGeneralAndAdministrative": 11744000000
    },
    {
      "ceo": "Sundar Pichai",
      "eps": "24.95",
      "cash": 20886000000,
      "cogs": 29599000000,
      "date": "2022-03-31",
      "debt": 181000000,
      "ebit": 19017000000,
      "capEx": 9786000000,
      "assets": 31872597000,
      "ebitda": 24309000000,
      "ticker": "GOOG",
      "country": "USA",
      "revenue": 68059000000,
      "cashflow": 15320000000,
      "exchange": "NASDAQ",
      "employees": 0,
      "incomeTax": 2498000000,
      "netIncome": 16436000000,
      "netMargin": "24.15",
      "fiscalYear": 2022,
      "grossMargin": "56.51",
      "grossProfit": 38460000000,
      "totalAssets": 357096000000,
      "currentAssets": 177853000000,
      "fiscalQuarter": 2,
      "dividendPayout": null,
      "researchAndDev": 9119000000,
      "returnOnAssets": "4.60",
      "returnOnEquity": "6.47",
      "interestExpense": 83000000,
      "operatingIncome": 20094000000,
      "operatingMargin": "29.52",
      "revenueSegments": {
        "products": [
          "",
          ""
        ],
        "productsSold": [
          0,
          0
        ]
      },
      "stockRepurchase": 13300000000,
      "dividendPerShare": null,
      "shareholderEquity": 254004000000,
      "sharesOutstanding": 658763000,
      "currentLiabilities": 61948000000,
      "stockBasedCompensation": 0,
      "returnOnCapitalEmployed": "6.44",
      "returnOnInvestedCapital": "NaN",
      "depreciationAndAmortization": 4215000000,
      "sellingGeneralAndAdministrative": 9199000000
    },
    {
      "ceo": "Sundar Pichai",
      "eps": "1.22",
      "cash": 17936000000,
      "cogs": 30104000000,
      "date": "2022-06-30",
      "debt": 82000000,
      "ebit": 19097000000,
      "capEx": 6828000000,
      "assets": 31872597000,
      "ebitda": 24297000000,
      "ticker": "GOOG",
      "country": "USA",
      "revenue": 69743000000,
      "cashflow": 12594000000,
      "exchange": "NASDAQ",
      "employees": 0,
      "incomeTax": 3012000000,
      "netIncome": 16002000000,
      "netMargin": "22.94",
      "fiscalYear": 2022,
      "grossMargin": "56.84",
      "grossProfit": 39639000000,
      "totalAssets": 355185000000,
      "currentAssets": 172371000000,
      "fiscalQuarter": 2,
      "dividendPayout": null,
      "researchAndDev": 9841000000,
      "returnOnAssets": "4.51",
      "returnOnEquity": "6.26",
      "interestExpense": 83000000,
      "operatingIncome": 19453000000,
      "operatingMargin": "27.89",
      "revenueSegments": {
        "products": [
          "",
          ""
        ],
        "productsSold": [
          0,
          0
        ]
      },
      "stockRepurchase": 15197000000,
      "dividendPerShare": null,
      "shareholderEquity": 255419000000,
      "sharesOutstanding": 13078000000,
      "currentLiabilities": 61354000000,
      "stockBasedCompensation": 0,
      "returnOnCapitalEmployed": "6.50",
      "returnOnInvestedCapital": "NaN",
      "depreciationAndAmortization": 4844000000,
      "sellingGeneralAndAdministrative": 10287000000
    },
    {
      "ceo": "Sundar Pichai",
      "eps": "1.07",
      "cash": 21984000000,
      "cogs": 31158000000,
      "date": "2022-09-30",
      "debt": 414000000,
      "ebit": 16334000000,
      "capEx": 7276000000,
      "assets": 31872597000,
      "ebitda": 21894000000,
      "ticker": "GOOG",
      "country": "USA",
      "revenue": 69420000000,
      "cashflow": 16077000000,
      "exchange": "NASDAQ",
      "employees": 0,
      "incomeTax": 2323000000,
      "netIncome": 13910000000,
      "netMargin": "20.04",
      "fiscalYear": 2022,
      "grossMargin": "55.12",
      "grossProfit": 38262000000,
      "totalAssets": 358255000000,
      "currentAssets": 166109000000,
      "fiscalQuarter": 2,
      "dividendPayout": null,
      "researchAndDev": 10273000000,
      "returnOnAssets": "3.88",
      "returnOnEquity": "5.48",
      "interestExpense": 101000000,
      "operatingIncome": 17135000000,
      "operatingMargin": "24.68",
      "revenueSegments": {
        "products": [
          "",
          ""
        ],
        "productsSold": [
          0,
          0
        ]
      },
      "stockRepurchase": 15392000000,
      "dividendPerShare": null,
      "shareholderEquity": 253626000000,
      "sharesOutstanding": 12971000000,
      "currentLiabilities": 65979000000,
      "stockBasedCompensation": 0,
      "returnOnCapitalEmployed": "5.59",
      "returnOnInvestedCapital": "NaN",
      "depreciationAndAmortization": 4759000000,
      "sellingGeneralAndAdministrative": 10526000000
    },
    {
      "ceo": "Sundar Pichai",
      "eps": "1.06",
      "cash": 21879000000,
      "cogs": 35342000000,
      "date": "2022-12-31",
      "debt": 298000000,
      "ebit": 17237000000,
      "capEx": 7595000000,
      "assets": 31872597000,
      "ebitda": 23286000000,
      "ticker": "GOOG",
      "country": "USA",
      "revenue": 74291000000,
      "cashflow": 16019000000,
      "exchange": "NASDAQ",
      "employees": 0,
      "incomeTax": 3523000000,
      "netIncome": 13624000000,
      "netMargin": "18.34",
      "fiscalYear": 2022,
      "grossMargin": "52.43",
      "grossProfit": 38949000000,
      "totalAssets": 365264000000,
      "currentAssets": 164795000000,
      "fiscalQuarter": 2,
      "dividendPayout": null,
      "researchAndDev": 10267000000,
      "returnOnAssets": "3.73",
      "returnOnEquity": "5.32",
      "interestExpense": 90000000,
      "operatingIncome": 18160000000,
      "operatingMargin": "24.44",
      "revenueSegments": {
        "products": [
          "",
          ""
        ],
        "productsSold": [
          0,
          0
        ]
      },
      "stockRepurchase": 15407000000,
      "dividendPerShare": null,
      "shareholderEquity": 256144000000,
      "sharesOutstanding": 12849000000,
      "currentLiabilities": 69300000000,
      "stockBasedCompensation": 0,
      "returnOnCapitalEmployed": "5.82",
      "returnOnInvestedCapital": "NaN",
      "depreciationAndAmortization": 5126000000,
      "sellingGeneralAndAdministrative": 12279000000
    },
    {
      "ceo": "Sundar Pichai",
      "eps": "1.18",
      "cash": 25924000000,
      "cogs": 30612000000,
      "date": "2023-03-31",
      "debt": 1371000000,
      "ebit": 18285000000,
      "capEx": 6289000000,
      "assets": 31872597000,
      "ebitda": 21597000000,
      "ticker": "GOOG",
      "country": "USA",
      "revenue": 69686000000,
      "cashflow": 17220000000,
      "exchange": "NASDAQ",
      "employees": 0,
      "incomeTax": 3154000000,
      "netIncome": 15051000000,
      "netMargin": "21.60",
      "fiscalYear": 2023,
      "grossMargin": "56.07",
      "grossProfit": 39074000000,
      "totalAssets": 369491000000,
      "currentAssets": 161985000000,
      "fiscalQuarter": 2,
      "dividendPayout": null,
      "researchAndDev": 11468000000,
      "returnOnAssets": "4.07",
      "returnOnEquity": "5.77",
      "interestExpense": 80000000,
      "operatingIncome": 17415000000,
      "operatingMargin": "24.99",
      "revenueSegments": {
        "products": [
          "",
          ""
        ],
        "productsSold": [
          0,
          0
        ]
      },
      "stockRepurchase": 14557000000,
      "dividendPerShare": null,
      "shareholderEquity": 260894000000,
      "sharesOutstanding": 12722000000,
      "currentLiabilities": 68854000000,
      "stockBasedCompensation": 0,
      "returnOnCapitalEmployed": "6.08",
      "returnOnInvestedCapital": "NaN",
      "depreciationAndAmortization": 4182000000,
      "sellingGeneralAndAdministrative": 10292000000
    }
  ],
  "fundamentalsAnno": [
    {
      "ceo": "Sundar Pichai",
      "eps": 44.19,
      "cash": 16701000000,
      "cogs": 59549000000,
      "date": "2018-12-31",
      "debt": null,
      "ebit": 35027000000,
      "capEx": 25139000000,
      "assets": 31872597000,
      "ebitda": 45498000000,
      "ticker": "GOOG",
      "country": "USA",
      "revenue": 136819000000,
      "cashflow": 22832000000,
      "exchange": "NASDAQ",
      "employees": 99000,
      "incomeTax": 4177000000,
      "netIncome": 30736000000,
      "netMargin": 22.46,
      "fiscalYear": 2018,
      "grossMargin": 56.48,
      "grossProfit": 77270000000,
      "totalAssets": 232792000000,
      "currentAssets": 135676000000,
      "fiscalQuarter": 4,
      "dividendPayout": null,
      "researchAndDev": 21419000000,
      "returnOnAssets": 13.2,
      "returnOnEquity": 17.3,
      "interestExpense": 114000000,
      "operatingIncome": 27524000000,
      "operatingMargin": 20.12,
      "revenueSegments": {
        "products": [
          "Google Search",
          "YouTube ads",
          "Google Network",
          "Google Cloud",
          "Other"
        ],
        "productsSold": [
          96336000000,
          0,
          19982000000,
          0,
          20501000000
        ]
      },
      "stockRepurchase": 9075000000,
      "dividendPerShare": null,
      "shareholderEquity": 177628000000,
      "sharesOutstanding": 695556000,
      "currentLiabilities": 34620000000,
      "stockBasedCompensation": 9353000000,
      "returnOnCapitalEmployed": 17.68,
      "returnOnInvestedCapital": "NaN",
      "depreciationAndAmortization": 9035000000,
      "sellingGeneralAndAdministrative": 24459000000
    },
    {
      "ceo": "Sundar Pichai",
      "eps": 49.89,
      "cash": 18498000000,
      "cogs": 71896000000,
      "date": "2019-12-31",
      "debt": 1199000000,
      "ebit": 39725000000,
      "capEx": 23548000000,
      "assets": 31872597000,
      "ebitda": 49406000000,
      "ticker": "GOOG",
      "country": "USA",
      "revenue": 161857000000,
      "cashflow": 30972000000,
      "exchange": "NASDAQ",
      "employees": 119000,
      "incomeTax": 5282000000,
      "netIncome": 34343000000,
      "netMargin": 21.22,
      "fiscalYear": 2019,
      "grossMargin": 55.58,
      "grossProfit": 89961000000,
      "totalAssets": 275909000000,
      "currentAssets": 152578000000,
      "fiscalQuarter": 4,
      "dividendPayout": null,
      "researchAndDev": 26018000000,
      "returnOnAssets": 12.45,
      "returnOnEquity": 17.05,
      "interestExpense": 100000000,
      "operatingIncome": 34231000000,
      "operatingMargin": 21.15,
      "revenueSegments": {
        "products": [
          "Google Search",
          "YouTube ads",
          "Google Network",
          "Google Cloud",
          "Other"
        ],
        "productsSold": [
          98115000000,
          15149000000,
          21547000000,
          8918000000,
          18128000000
        ]
      },
      "stockRepurchase": 18396000000,
      "dividendPerShare": null,
      "shareholderEquity": 201442000000,
      "sharesOutstanding": 688335000,
      "currentLiabilities": 45221000000,
      "stockBasedCompensation": 10794000000,
      "returnOnCapitalEmployed": 17.22,
      "returnOnInvestedCapital": "NaN",
      "depreciationAndAmortization": 15175000000,
      "sellingGeneralAndAdministrative": 28015000000
    },
    {
      "ceo": "Sundar Pichai",
      "eps": 59.64,
      "cash": 26465000000,
      "cogs": 84732000000,
      "date": "2020-12-31",
      "debt": 1100000000,
      "ebit": 48217000000,
      "capEx": 22281000000,
      "assets": 31872597000,
      "ebitda": 54921000000,
      "ticker": "GOOG",
      "country": "USA",
      "revenue": 182527000000,
      "cashflow": 42843000000,
      "exchange": "NASDAQ",
      "employees": 135000,
      "incomeTax": 7813000000,
      "netIncome": 40269000000,
      "netMargin": 22.06,
      "fiscalYear": 2020,
      "grossMargin": 53.58,
      "grossProfit": 97795000000,
      "totalAssets": 319616000000,
      "currentAssets": 174296000000,
      "fiscalQuarter": 4,
      "dividendPayout": null,
      "researchAndDev": 27573000000,
      "returnOnAssets": 12.6,
      "returnOnEquity": 18.09,
      "interestExpense": 135000000,
      "operatingIncome": 41224000000,
      "operatingMargin": 22.59,
      "revenueSegments": {
        "products": [
          "Google Search",
          "YouTube ads",
          "Google Network",
          "Google Cloud",
          "Other"
        ],
        "productsSold": [
          104062000000,
          19772000000,
          23090000000,
          13059000000,
          22544000000
        ]
      },
      "stockRepurchase": 31149000000,
      "dividendPerShare": null,
      "shareholderEquity": 222544000000,
      "sharesOutstanding": 675222000,
      "currentLiabilities": 56834000000,
      "stockBasedCompensation": 12991000000,
      "returnOnCapitalEmployed": 18.35,
      "returnOnInvestedCapital": "NaN",
      "depreciationAndAmortization": 13697000000,
      "sellingGeneralAndAdministrative": 28998000000
    },
    {
      "ceo": "Sundar Pichai",
      "eps": 114.83,
      "cash": 20945000000,
      "cogs": 110939000000,
      "date": "2021-12-31",
      "debt": 113000000,
      "ebit": 91080000000,
      "capEx": 24640000000,
      "assets": 31872597000,
      "ebitda": 91155000000,
      "ticker": "GOOG",
      "country": "USA",
      "revenue": 257637000000,
      "cashflow": 67012000000,
      "exchange": "NASDAQ",
      "employees": 156000,
      "incomeTax": 14701000000,
      "netIncome": 76033000000,
      "netMargin": 29.51,
      "fiscalYear": 2021,
      "grossMargin": 56.94,
      "grossProfit": 146698000000,
      "totalAssets": 359268000000,
      "currentAssets": 188143000000,
      "fiscalQuarter": 4,
      "dividendPayout": null,
      "researchAndDev": 31562000000,
      "returnOnAssets": 21.16,
      "returnOnEquity": 30.22,
      "interestExpense": 346000000,
      "operatingIncome": 78714000000,
      "operatingMargin": 30.55,
      "revenueSegments": {
        "products": [
          "Google Search",
          "YouTube ads",
          "Google Network",
          "Google Cloud",
          "Other"
        ],
        "productsSold": [
          148951000000,
          28845000000,
          31701000000,
          19206000000,
          28934000000
        ]
      },
      "stockRepurchase": 50274000000,
      "dividendPerShare": null,
      "shareholderEquity": 251635000000,
      "sharesOutstanding": 662121000,
      "currentLiabilities": 64254000000,
      "stockBasedCompensation": 15376000000,
      "returnOnCapitalEmployed": 30.87,
      "returnOnInvestedCapital": "NaN",
      "depreciationAndAmortization": 12441000000,
      "sellingGeneralAndAdministrative": 36422000000
    },
    {
      "ceo": "Sundar Pichai",
      "eps": 4.67,
      "cash": 21879000000,
      "cogs": 126203000000,
      "date": "2022-12-31",
      "debt": 298000000,
      "ebit": 71685000000,
      "capEx": 31485000000,
      "assets": 31872597000,
      "ebitda": 90770000000,
      "ticker": "GOOG",
      "country": "USA",
      "revenue": 281279000000,
      "cashflow": 60010000000,
      "exchange": "NASDAQ",
      "employees": 190000,
      "incomeTax": 11356000000,
      "netIncome": 59972000000,
      "netMargin": 21.32,
      "fiscalYear": 2022,
      "grossMargin": 55.13,
      "grossProfit": 155076000000,
      "totalAssets": 365264000000,
      "currentAssets": 164795000000,
      "fiscalQuarter": 4,
      "dividendPayout": null,
      "researchAndDev": 39500000000,
      "returnOnAssets": 16.42,
      "returnOnEquity": 23.41,
      "interestExpense": 357000000,
      "operatingIncome": 74842000000,
      "operatingMargin": 26.61,
      "revenueSegments": {
        "products": [
          "Google Search",
          "YouTube ads",
          "Google Network",
          "Google Cloud",
          "Other"
        ],
        "productsSold": [
          162450000000,
          29243000000,
          32780000000,
          26280000000,
          32083000000
        ]
      },
      "stockRepurchase": 59296000000,
      "dividendPerShare": null,
      "shareholderEquity": 256144000000,
      "sharesOutstanding": 12849000000,
      "currentLiabilities": 69300000000,
      "stockBasedCompensation": 19362000000,
      "returnOnCapitalEmployed": 24.22,
      "returnOnInvestedCapital": "NaN",
      "depreciationAndAmortization": 15928000000,
      "sellingGeneralAndAdministrative": 42291000000
    }
  ]
}