{
  "id": 3,
  "created_at": "2023-06-09 21:19:28.639865+00",
  "ticker": "meta",
  "description": "",
  "companyName": "Meta",
  "ceo": "Mark Zuckerberg",
  "website": "https://www.meta.com/",
  "fundamentals": [
    {
      "ceo": "Mark Zuckerberg",
      "eps": 1.7637305699481864,
      "cash": 11552000000,
      "cogs": 2214000000,
      "date": "2018-06-30",
      "debt": null,
      "ebit": 5863000000,
      "capEx": 3460000000,
      "assets": 31872597000,
      "ebitda": 6021000000,
      "ticker": "META",
      "country": "USA",
      "revenue": 13231000000,
      "cashflow": 2838000000,
      "exchange": "NASDAQ",
      "employees": 0,
      "incomeTax": 762000000,
      "netIncome": 5106000000,
      "netMargin": 38.59118736301111,
      "fiscalYear": 2018,
      "grossMargin": 83.26657093190235,
      "grossProfit": 11017000000,
      "totalAssets": 90291000000,
      "currentAssets": 49833000000,
      "fiscalQuarter": 2,
      "dividendPayout": null,
      "researchAndDev": 2523000000,
      "returnOnAssets": 5.655048675947769,
      "returnOnEquity": 6.432188657378248,
      "interestExpense": 143000000,
      "operatingIncome": 5863000000,
      "operatingMargin": 44.31259919885118,
      "revenueSegments": {
        "products": [
          "Advertising/Family of Apps",
          "Reality Labs"
        ],
        "productsSold": [
          0,
          0
        ]
      },
      "stockRepurchase": 3349000000,
      "dividendPerShare": null,
      "shareholderEquity": 79382000000,
      "sharesOutstanding": 2895000000,
      "currentLiabilities": 4670000000,
      "stockBasedCompensation": 0,
      "returnOnCapitalEmployed": 6.8476191588512165,
      "returnOnInvestedCapital": -2.139681208053691,
      "depreciationAndAmortization": 158000000,
      "sellingGeneralAndAdministrative": 2631000000
    },
    {
      "ceo": "Mark Zuckerberg",
      "eps": 1.7805892547660311,
      "cash": 9637000000,
      "cogs": 2418000000,
      "date": "2018-09-30",
      "debt": null,
      "ebit": 5781000000,
      "capEx": 3342000000,
      "assets": 31872597000,
      "ebitda": 5937000000,
      "ticker": "META",
      "country": "USA",
      "revenue": 13727000000,
      "cashflow": 4156000000,
      "exchange": "NASDAQ",
      "employees": 0,
      "incomeTax": 775000000,
      "netIncome": 5137000000,
      "netMargin": 37.42259779995629,
      "fiscalYear": 2018,
      "grossMargin": 82.38508049828805,
      "grossProfit": 11309000000,
      "totalAssets": 92452000000,
      "currentAssets": 49147000000,
      "fiscalQuarter": 2,
      "dividendPayout": null,
      "researchAndDev": 2657000000,
      "returnOnAssets": 5.556396832951153,
      "returnOnEquity": 6.393916009061264,
      "interestExpense": 176000000,
      "operatingIncome": 5781000000,
      "operatingMargin": 42.11408173672325,
      "revenueSegments": {
        "products": [
          "Advertising/Family of Apps",
          "Reality Labs"
        ],
        "productsSold": [
          0,
          0
        ]
      },
      "stockRepurchase": 4256000000,
      "dividendPerShare": null,
      "shareholderEquity": 80342000000,
      "sharesOutstanding": 2885000000,
      "currentLiabilities": 5462000000,
      "stockBasedCompensation": 0,
      "returnOnCapitalEmployed": 6.645591447292793,
      "returnOnInvestedCapital": -1.1787143866258536,
      "depreciationAndAmortization": 156000000,
      "sellingGeneralAndAdministrative": 2871000000
    },
    {
      "ceo": "Mark Zuckerberg",
      "eps": 2.3937391304347826,
      "cash": 10019000000,
      "cogs": 2796000000,
      "date": "2018-12-31",
      "debt": null,
      "ebit": 7820000000,
      "capEx": 4301000000,
      "assets": 31872597000,
      "ebitda": 7977000000,
      "ticker": "META",
      "country": "USA",
      "revenue": 16692000000,
      "cashflow": 3317000000,
      "exchange": "NASDAQ",
      "employees": 0,
      "incomeTax": 1089000000,
      "netIncome": 6882000000,
      "netMargin": 41.229331416247305,
      "fiscalYear": 2018,
      "grossMargin": 83.24946081955427,
      "grossProfit": 13896000000,
      "totalAssets": 97334000000,
      "currentAssets": 50480000000,
      "fiscalQuarter": 2,
      "dividendPayout": null,
      "researchAndDev": 2855000000,
      "returnOnAssets": 7.070499517126596,
      "returnOnEquity": 8.18048902254924,
      "interestExpense": 187000000,
      "operatingIncome": 7820000000,
      "operatingMargin": 46.848789839444045,
      "revenueSegments": {
        "products": [
          "Advertising/Family of Apps",
          "Reality Labs"
        ],
        "productsSold": [
          0,
          0
        ]
      },
      "stockRepurchase": 3500000000,
      "dividendPerShare": null,
      "shareholderEquity": 84127000000,
      "sharesOutstanding": 2875000000,
      "currentLiabilities": 7017000000,
      "stockBasedCompensation": 0,
      "returnOnCapitalEmployed": 8.65839210779809,
      "returnOnInvestedCapital": -1.826594301221167,
      "depreciationAndAmortization": 157000000,
      "sellingGeneralAndAdministrative": 3443000000
    },
    {
      "ceo": "Mark Zuckerberg",
      "eps": 0.8504901960784313,
      "cash": 11076000000,
      "cogs": 2816000000,
      "date": "2019-03-31",
      "debt": null,
      "ebit": 3317000000,
      "capEx": 3837000000,
      "assets": 31872597000,
      "ebitda": 3640000000,
      "ticker": "META",
      "country": "USA",
      "revenue": 15077000000,
      "cashflow": 5471000000,
      "exchange": "NASDAQ",
      "employees": 0,
      "incomeTax": 1053000000,
      "netIncome": 2429000000,
      "netMargin": 16.110632088611794,
      "fiscalYear": 2019,
      "grossMargin": 81.3225442727333,
      "grossProfit": 12261000000,
      "totalAssets": 109477000000,
      "currentAssets": 53300000000,
      "fiscalQuarter": 2,
      "dividendPayout": null,
      "researchAndDev": 2860000000,
      "returnOnAssets": 2.2187308749783057,
      "returnOnEquity": 2.8075731656572196,
      "interestExpense": 2000000,
      "operatingIncome": 3317000000,
      "operatingMargin": 22.000397957153282,
      "revenueSegments": {
        "products": [
          "Advertising/Family of Apps",
          "Reality Labs"
        ],
        "productsSold": [
          0,
          0
        ]
      },
      "stockRepurchase": 613000000,
      "dividendPerShare": null,
      "shareholderEquity": 86516000000,
      "sharesOutstanding": 2856000000,
      "currentLiabilities": 9908000000,
      "stockBasedCompensation": 0,
      "returnOnCapitalEmployed": 3.331358153642198,
      "returnOnInvestedCapital": -0.33451536643026003,
      "depreciationAndAmortization": 156000000,
      "sellingGeneralAndAdministrative": 6084000000
    },
    {
      "ceo": "Mark Zuckerberg",
      "eps": 0.9162872154115587,
      "cash": 13877000000,
      "cogs": 3307000000,
      "date": "2019-06-30",
      "debt": 688000000,
      "ebit": 4626000000,
      "capEx": 3633000000,
      "assets": 31872597000,
      "ebitda": 5038000000,
      "ticker": "META",
      "country": "USA",
      "revenue": 16883000000,
      "cashflow": 4983000000,
      "exchange": "NASDAQ",
      "employees": 0,
      "incomeTax": 2216000000,
      "netIncome": 2616000000,
      "netMargin": 15.494876502991175,
      "fiscalYear": 2019,
      "grossMargin": 80.41224900787775,
      "grossProfit": 13576000000,
      "totalAssets": 117006000000,
      "currentAssets": 57961000000,
      "fiscalQuarter": 2,
      "dividendPayout": null,
      "researchAndDev": 3315000000,
      "returnOnAssets": 2.2357827803702377,
      "returnOnEquity": 2.947207138189766,
      "interestExpense": 3000000,
      "operatingIncome": 4626000000,
      "operatingMargin": 27.4003435408399,
      "revenueSegments": {
        "products": [
          "Advertising/Family of Apps",
          "Reality Labs"
        ],
        "productsSold": [
          0,
          0
        ]
      },
      "stockRepurchase": 1145000000,
      "dividendPerShare": null,
      "shareholderEquity": 88762000000,
      "sharesOutstanding": 2855000000,
      "currentLiabilities": 12979000000,
      "stockBasedCompensation": 0,
      "returnOnCapitalEmployed": 4.44692243359897,
      "returnOnInvestedCapital": -0.600997506234414,
      "depreciationAndAmortization": 203000000,
      "sellingGeneralAndAdministrative": 5638000000
    },
    {
      "ceo": "Mark Zuckerberg",
      "eps": 2.134197617379117,
      "cash": 15979000000,
      "cogs": 3155000000,
      "date": "2019-09-30",
      "debt": 776000000,
      "ebit": 7185000000,
      "capEx": 3532000000,
      "assets": 31872597000,
      "ebitda": 7529000000,
      "ticker": "META",
      "country": "USA",
      "revenue": 17648000000,
      "cashflow": 5775000000,
      "exchange": "NASDAQ",
      "employees": 0,
      "incomeTax": 1238000000,
      "netIncome": 6091000000,
      "netMargin": 34.51382592928377,
      "fiscalYear": 2019,
      "grossMargin": 82.12262012692656,
      "grossProfit": 14493000000,
      "totalAssets": 124418000000,
      "currentAssets": 62079000000,
      "fiscalQuarter": 2,
      "dividendPayout": null,
      "researchAndDev": 3548000000,
      "returnOnAssets": 4.895593885129161,
      "returnOnEquity": 6.479856168682646,
      "interestExpense": 4000000,
      "operatingIncome": 7185000000,
      "operatingMargin": 40.71282864913871,
      "revenueSegments": {
        "products": [
          "Advertising/Family of Apps",
          "Reality Labs"
        ],
        "productsSold": [
          0,
          0
        ]
      },
      "stockRepurchase": 1148000000,
      "dividendPerShare": null,
      "shareholderEquity": 93999000000,
      "sharesOutstanding": 2854000000,
      "currentLiabilities": 13328000000,
      "stockBasedCompensation": 0,
      "returnOnCapitalEmployed": 6.467728868485012,
      "returnOnInvestedCapital": -1.1776237623762376,
      "depreciationAndAmortization": 196000000,
      "sellingGeneralAndAdministrative": 3764000000
    },
    {
      "ceo": "Mark Zuckerberg",
      "eps": 2.577692037881445,
      "cash": 19079000000,
      "cogs": 3491000000,
      "date": "2019-12-31",
      "debt": 855000000,
      "ebit": 8858000000,
      "capEx": 4100000000,
      "assets": 31872597000,
      "ebitda": 9340000000,
      "ticker": "META",
      "country": "USA",
      "revenue": 20966000000,
      "cashflow": 4983000000,
      "exchange": "NASDAQ",
      "employees": 0,
      "incomeTax": 1820000000,
      "netIncome": 7349000000,
      "netMargin": 35.05198893446532,
      "fiscalYear": 2019,
      "grossMargin": 83.34923209005056,
      "grossProfit": 17475000000,
      "totalAssets": 133376000000,
      "currentAssets": 66225000000,
      "fiscalQuarter": 2,
      "dividendPayout": null,
      "researchAndDev": 3878000000,
      "returnOnAssets": 5.509986804222649,
      "returnOnEquity": 7.272349436934708,
      "interestExpense": 11000000,
      "operatingIncome": 8858000000,
      "operatingMargin": 42.249356100352955,
      "revenueSegments": {
        "products": [
          "Advertising/Family of Apps",
          "Reality Labs"
        ],
        "productsSold": [
          0,
          0
        ]
      },
      "stockRepurchase": 1296000000,
      "dividendPerShare": null,
      "shareholderEquity": 101054000000,
      "sharesOutstanding": 2851000000,
      "currentLiabilities": 15053000000,
      "stockBasedCompensation": 0,
      "returnOnCapitalEmployed": 7.486287534967842,
      "returnOnInvestedCapital": -1.7438057482656095,
      "depreciationAndAmortization": 160000000,
      "sellingGeneralAndAdministrative": 4855000000
    },
    {
      "ceo": "Mark Zuckerberg",
      "eps": 1.7193967029112591,
      "cash": 23618000000,
      "cogs": 3459000000,
      "date": "2020-03-31",
      "debt": 879000000,
      "ebit": 5893000000,
      "capEx": 3558000000,
      "assets": 31872597000,
      "ebitda": 6035000000,
      "ticker": "META",
      "country": "USA",
      "revenue": 17734000000,
      "cashflow": 7443000000,
      "exchange": "NASDAQ",
      "employees": 0,
      "incomeTax": 959000000,
      "netIncome": 4902000000,
      "netMargin": 27.64181797676779,
      "fiscalYear": 2020,
      "grossMargin": 80.49509416939212,
      "grossProfit": 14275000000,
      "totalAssets": 138371000000,
      "currentAssets": 69349000000,
      "fiscalQuarter": 2,
      "dividendPayout": null,
      "researchAndDev": 4015000000,
      "returnOnAssets": 3.5426498326961577,
      "returnOnEquity": 4.655093823596444,
      "interestExpense": 3000000,
      "operatingIncome": 5893000000,
      "operatingMargin": 33.2299537611368,
      "revenueSegments": {
        "products": [
          "Advertising/Family of Apps",
          "Reality Labs"
        ],
        "productsSold": [
          0,
          0
        ]
      },
      "stockRepurchase": 1250000000,
      "dividendPerShare": null,
      "shareholderEquity": 105304000000,
      "sharesOutstanding": 2851000000,
      "currentLiabilities": 15069000000,
      "stockBasedCompensation": 0,
      "returnOnCapitalEmployed": 4.7793223143176915,
      "returnOnInvestedCapital": -1.200778778291555,
      "depreciationAndAmortization": 171000000,
      "sellingGeneralAndAdministrative": 4370000000
    },
    {
      "ceo": "Mark Zuckerberg",
      "eps": 1.8168421052631578,
      "cash": 21045000000,
      "cogs": 3829000000,
      "date": "2020-06-30",
      "debt": 48000000,
      "ebit": 5963000000,
      "capEx": 3255000000,
      "assets": 31872597000,
      "ebitda": 6313000000,
      "ticker": "META",
      "country": "USA",
      "revenue": 18683000000,
      "cashflow": 622000000,
      "exchange": "NASDAQ",
      "employees": 0,
      "incomeTax": 953000000,
      "netIncome": 5178000000,
      "netMargin": 27.715035058609434,
      "fiscalYear": 2020,
      "grossMargin": 79.50543274634695,
      "grossProfit": 14854000000,
      "totalAssets": 139691000000,
      "currentAssets": 68130000000,
      "fiscalQuarter": 2,
      "dividendPayout": null,
      "researchAndDev": 4462000000,
      "returnOnAssets": 3.7067527614520617,
      "returnOnEquity": 4.688221499904932,
      "interestExpense": 4000000,
      "operatingIncome": 5963000000,
      "operatingMargin": 31.916715730878337,
      "revenueSegments": {
        "products": [
          "Advertising/Family of Apps",
          "Reality Labs"
        ],
        "productsSold": [
          0,
          0
        ]
      },
      "stockRepurchase": 1368000000,
      "dividendPerShare": null,
      "shareholderEquity": 110447000000,
      "sharesOutstanding": 2850000000,
      "currentLiabilities": 11308000000,
      "stockBasedCompensation": 0,
      "returnOnCapitalEmployed": 4.644695948840578,
      "returnOnInvestedCapital": -1.1991383437051222,
      "depreciationAndAmortization": 178000000,
      "sellingGeneralAndAdministrative": 4433000000
    },
    {
      "ceo": "Mark Zuckerberg",
      "eps": 2.752982456140351,
      "cash": 11617000000,
      "cogs": 4194000000,
      "date": "2020-09-30",
      "debt": 62000000,
      "ebit": 8040000000,
      "capEx": 3689000000,
      "assets": 31872597000,
      "ebitda": 8325000000,
      "ticker": "META",
      "country": "USA",
      "revenue": 21466000000,
      "cashflow": 6140000000,
      "exchange": "NASDAQ",
      "employees": 0,
      "incomeTax": 287000000,
      "netIncome": 7846000000,
      "netMargin": 36.550824559768934,
      "fiscalYear": 2020,
      "grossMargin": 80.46212615298612,
      "grossProfit": 17272000000,
      "totalAssets": 146437000000,
      "currentAssets": 65799000000,
      "fiscalQuarter": 2,
      "dividendPayout": null,
      "researchAndDev": 4763000000,
      "returnOnAssets": 5.35793549444471,
      "returnOnEquity": 6.664344989849742,
      "interestExpense": 4000000,
      "operatingIncome": 8040000000,
      "operatingMargin": 37.45457933476195,
      "revenueSegments": {
        "products": [
          "Advertising/Family of Apps",
          "Reality Labs"
        ],
        "productsSold": [
          0,
          0
        ]
      },
      "stockRepurchase": 1725000000,
      "dividendPerShare": null,
      "shareholderEquity": 117731000000,
      "sharesOutstanding": 2850000000,
      "currentLiabilities": 11944000000,
      "stockBasedCompensation": 0,
      "returnOnCapitalEmployed": 5.978006290290201,
      "returnOnInvestedCapital": -0.4670763298993915,
      "depreciationAndAmortization": 188000000,
      "sellingGeneralAndAdministrative": 4473000000
    },
    {
      "ceo": "Mark Zuckerberg",
      "eps": 3.9309740714786265,
      "cash": 17576000000,
      "cogs": 5210000000,
      "date": "2020-12-31",
      "debt": 54000000,
      "ebit": 12775000000,
      "capEx": 4613000000,
      "assets": 31872597000,
      "ebitda": 13253000000,
      "ticker": "META",
      "country": "USA",
      "revenue": 27940000000,
      "cashflow": 9427000000,
      "exchange": "NASDAQ",
      "employees": 0,
      "incomeTax": 1836000000,
      "netIncome": 11219000000,
      "netMargin": 40.153901216893345,
      "fiscalYear": 2020,
      "grossMargin": 81.3528990694345,
      "grossProfit": 22730000000,
      "totalAssets": 159316000000,
      "currentAssets": 75670000000,
      "fiscalQuarter": 2,
      "dividendPayout": null,
      "researchAndDev": 5207000000,
      "returnOnAssets": 7.041979462200909,
      "returnOnEquity": 8.745030789617275,
      "interestExpense": 3000000,
      "operatingIncome": 12775000000,
      "operatingMargin": 45.72297780959198,
      "revenueSegments": {
        "products": [
          "Advertising/Family of Apps",
          "Reality Labs"
        ],
        "productsSold": [
          0,
          0
        ]
      },
      "stockRepurchase": 1929000000,
      "dividendPerShare": null,
      "shareholderEquity": 128290000000,
      "sharesOutstanding": 2854000000,
      "currentLiabilities": 14981000000,
      "stockBasedCompensation": 0,
      "returnOnCapitalEmployed": 8.850937056154086,
      "returnOnInvestedCapital": -2.1146336748501837,
      "depreciationAndAmortization": 195000000,
      "sellingGeneralAndAdministrative": 4880000000
    },
    {
      "ceo": "Mark Zuckerberg",
      "eps": 3.335792061819459,
      "cash": 19513000000,
      "cogs": 5131000000,
      "date": "2021-03-31",
      "debt": 53000000,
      "ebit": 11378000000,
      "capEx": 4272000000,
      "assets": 31872597000,
      "ebitda": 11706000000,
      "ticker": "META",
      "country": "USA",
      "revenue": 26167000000,
      "cashflow": 7970000000,
      "exchange": "NASDAQ",
      "employees": 0,
      "incomeTax": 2006000000,
      "netIncome": 9497000000,
      "netMargin": 36.29380517445638,
      "fiscalYear": 2021,
      "grossMargin": 80.39133259448924,
      "grossProfit": 21036000000,
      "totalAssets": 163523000000,
      "currentAssets": 77322000000,
      "fiscalQuarter": 2,
      "dividendPayout": null,
      "researchAndDev": 5197000000,
      "returnOnAssets": 5.807745699381738,
      "returnOnEquity": 7.105501395362756,
      "interestExpense": 4000000,
      "operatingIncome": 11378000000,
      "operatingMargin": 43.48224863377537,
      "revenueSegments": {
        "products": [
          "Advertising/Family of Apps",
          "Reality Labs"
        ],
        "productsSold": [
          0,
          0
        ]
      },
      "stockRepurchase": 3939000000,
      "dividendPerShare": null,
      "shareholderEquity": 133657000000,
      "sharesOutstanding": 2847000000,
      "currentLiabilities": 12717000000,
      "stockBasedCompensation": 0,
      "returnOnCapitalEmployed": 7.544792647507394,
      "returnOnInvestedCapital": -1.922855970455478,
      "depreciationAndAmortization": 199000000,
      "sellingGeneralAndAdministrative": 4465000000
    },
    {
      "ceo": "Mark Zuckerberg",
      "eps": 3.667607621736062,
      "cash": 16186000000,
      "cogs": 5399000000,
      "date": "2021-06-30",
      "debt": 63000000,
      "ebit": 12367000000,
      "capEx": 4612000000,
      "assets": 31872597000,
      "ebitda": 12722000000,
      "ticker": "META",
      "country": "USA",
      "revenue": 29073000000,
      "cashflow": 8635000000,
      "exchange": "NASDAQ",
      "employees": 0,
      "incomeTax": 2119000000,
      "netIncome": 10394000000,
      "netMargin": 35.7513844460496,
      "fiscalYear": 2021,
      "grossMargin": 81.42950503903967,
      "grossProfit": 23674000000,
      "totalAssets": 170609000000,
      "currentAssets": 80697000000,
      "fiscalQuarter": 2,
      "dividendPayout": null,
      "researchAndDev": 6096000000,
      "returnOnAssets": 6.0922929036569,
      "returnOnEquity": 7.519515000687275,
      "interestExpense": 4000000,
      "operatingIncome": 12367000000,
      "operatingMargin": 42.53774980222199,
      "revenueSegments": {
        "products": [
          "Advertising/Family of Apps",
          "Reality Labs"
        ],
        "productsSold": [
          0,
          0
        ]
      },
      "stockRepurchase": 7079000000,
      "dividendPerShare": null,
      "shareholderEquity": 138227000000,
      "sharesOutstanding": 2834000000,
      "currentLiabilities": 14874000000,
      "stockBasedCompensation": 0,
      "returnOnCapitalEmployed": 7.9410537130381735,
      "returnOnInvestedCapital": -1.2505186089078706,
      "depreciationAndAmortization": 205000000,
      "sellingGeneralAndAdministrative": 5215000000
    },
    {
      "ceo": "Mark Zuckerberg",
      "eps": 3.267235252309879,
      "cash": 14496000000,
      "cogs": 5771000000,
      "date": "2021-09-30",
      "debt": 72000000,
      "ebit": 10423000000,
      "capEx": 4314000000,
      "assets": 31872597000,
      "ebitda": 10781000000,
      "ticker": "META",
      "country": "USA",
      "revenue": 29006000000,
      "cashflow": 9776000000,
      "exchange": "NASDAQ",
      "employees": 0,
      "incomeTax": 1371000000,
      "netIncome": 9194000000,
      "netMargin": 31.696890298558916,
      "fiscalYear": 2021,
      "grossMargin": 80.10411638971247,
      "grossProfit": 23235000000,
      "totalAssets": 169585000000,
      "currentAssets": 75421000000,
      "fiscalQuarter": 2,
      "dividendPayout": null,
      "researchAndDev": 6316000000,
      "returnOnAssets": 5.421470059262317,
      "returnOnEquity": 6.894121175764847,
      "interestExpense": 4000000,
      "operatingIncome": 10423000000,
      "operatingMargin": 35.93394470109633,
      "revenueSegments": {
        "products": [
          "Advertising/Family of Apps",
          "Reality Labs"
        ],
        "productsSold": [
          0,
          0
        ]
      },
      "stockRepurchase": 13458000000,
      "dividendPerShare": null,
      "shareholderEquity": 133360000000,
      "sharesOutstanding": 2814000000,
      "currentLiabilities": 17812000000,
      "stockBasedCompensation": 0,
      "returnOnCapitalEmployed": 6.86749290058179,
      "returnOnInvestedCapital": -27.43030303030303,
      "depreciationAndAmortization": 212000000,
      "sellingGeneralAndAdministrative": 6500000000
    },
    {
      "ceo": "Mark Zuckerberg",
      "eps": 3.721056439942113,
      "cash": 16601000000,
      "cogs": 6348000000,
      "date": "2021-12-31",
      "debt": 75000000,
      "ebit": 12585000000,
      "capEx": 5369000000,
      "assets": 31872597000,
      "ebitda": 12842000000,
      "ticker": "META",
      "country": "USA",
      "revenue": 33527000000,
      "cashflow": 12735000000,
      "exchange": "NASDAQ",
      "employees": 0,
      "incomeTax": 2418000000,
      "netIncome": 10285000000,
      "netMargin": 30.676767978047543,
      "fiscalYear": 2021,
      "grossMargin": 81.06600650222208,
      "grossProfit": 27179000000,
      "totalAssets": 165987000000,
      "currentAssets": 66666000000,
      "fiscalQuarter": 2,
      "dividendPayout": null,
      "researchAndDev": 7046000000,
      "returnOnAssets": 6.196268382463687,
      "returnOnEquity": 8.235972421303822,
      "interestExpense": 4000000,
      "operatingIncome": 12585000000,
      "operatingMargin": 37.53691054970621,
      "revenueSegments": {
        "products": [
          "Advertising/Family of Apps",
          "Reality Labs"
        ],
        "productsSold": [
          0,
          0
        ]
      },
      "stockRepurchase": 20061000000,
      "dividendPerShare": null,
      "shareholderEquity": 124879000000,
      "sharesOutstanding": 2764000000,
      "currentLiabilities": 21135000000,
      "stockBasedCompensation": 0,
      "returnOnCapitalEmployed": 8.688178278518764,
      "returnOnInvestedCapital": 1.7442099845599588,
      "depreciationAndAmortization": 135000000,
      "sellingGeneralAndAdministrative": 7692000000
    },
    {
      "ceo": "Mark Zuckerberg",
      "eps": 2.7394495412844035,
      "cash": 14886000000,
      "cogs": 6005000000,
      "date": "2022-03-31",
      "debt": 81000000,
      "ebit": 8524000000,
      "capEx": 5441000000,
      "assets": 31872597000,
      "ebitda": 9050000000,
      "ticker": "META",
      "country": "USA",
      "revenue": 27904000000,
      "cashflow": 8635000000,
      "exchange": "NASDAQ",
      "employees": 0,
      "incomeTax": 1443000000,
      "netIncome": 7465000000,
      "netMargin": 26.752436926605505,
      "fiscalYear": 2022,
      "grossMargin": 78.4797878440367,
      "grossProfit": 21899000000,
      "totalAssets": 164218000000,
      "currentAssets": 59265000000,
      "fiscalQuarter": 2,
      "dividendPayout": null,
      "researchAndDev": 7707000000,
      "returnOnAssets": 4.545786698169507,
      "returnOnEquity": 6.0578764566494625,
      "interestExpense": 4000000,
      "operatingIncome": 8524000000,
      "operatingMargin": 30.547591743119266,
      "revenueSegments": {
        "products": [
          "Advertising/Family of Apps",
          "Reality Labs"
        ],
        "productsSold": [
          0,
          0
        ]
      },
      "stockRepurchase": 9506000000,
      "dividendPerShare": null,
      "shareholderEquity": 123228000000,
      "sharesOutstanding": 2725000000,
      "currentLiabilities": 21086000000,
      "stockBasedCompensation": 0,
      "returnOnCapitalEmployed": 5.955341922141799,
      "returnOnInvestedCapital": -1.481690730278301,
      "depreciationAndAmortization": 138000000,
      "sellingGeneralAndAdministrative": 5672000000
    },
    {
      "ceo": "Mark Zuckerberg",
      "eps": 2.473002958579882,
      "cash": 12681000000,
      "cogs": 5192000000,
      "date": "2022-06-30",
      "debt": 78000000,
      "ebit": 8358000000,
      "capEx": 7572000000,
      "assets": 31872597000,
      "ebitda": 8338000000,
      "ticker": "META",
      "country": "USA",
      "revenue": 28818000000,
      "cashflow": 4624000000,
      "exchange": "NASDAQ",
      "employees": 0,
      "incomeTax": 1499000000,
      "netIncome": 6687000000,
      "netMargin": 23.20424734540912,
      "fiscalYear": 2022,
      "grossMargin": 81.9834825456312,
      "grossProfit": 23626000000,
      "totalAssets": 169779000000,
      "currentAssets": 55987000000,
      "fiscalQuarter": 2,
      "dividendPayout": null,
      "researchAndDev": 8690000000,
      "returnOnAssets": 3.938649656317919,
      "returnOnEquity": 5.3169750411475185,
      "interestExpense": 4000000,
      "operatingIncome": 8358000000,
      "operatingMargin": 29.00270664168228,
      "revenueSegments": {
        "products": [
          "Advertising/Family of Apps",
          "Reality Labs"
        ],
        "productsSold": [
          0,
          0
        ]
      },
      "stockRepurchase": 5233000000,
      "dividendPerShare": null,
      "shareholderEquity": 125767000000,
      "sharesOutstanding": 2704000000,
      "currentLiabilities": 22217000000,
      "stockBasedCompensation": 0,
      "returnOnCapitalEmployed": 5.664059852807633,
      "returnOnInvestedCapital": -0.9856301192700101,
      "depreciationAndAmortization": 148000000,
      "sellingGeneralAndAdministrative": 6582000000
    },
    {
      "ceo": "Mark Zuckerberg",
      "eps": 1.638702460850112,
      "cash": 14308000000,
      "cogs": 5716000000,
      "date": "2022-09-30",
      "debt": 64000000,
      "ebit": 5664000000,
      "capEx": 9375000000,
      "assets": 31872597000,
      "ebitda": 5717000000,
      "ticker": "META",
      "country": "USA",
      "revenue": 27710000000,
      "cashflow": 317000000,
      "exchange": "NASDAQ",
      "employees": 0,
      "incomeTax": 1181000000,
      "netIncome": 4395000000,
      "netMargin": 15.860700108264163,
      "fiscalYear": 2022,
      "grossMargin": 79.37206784554313,
      "grossProfit": 21994000000,
      "totalAssets": 178894000000,
      "currentAssets": 58315000000,
      "fiscalQuarter": 2,
      "dividendPayout": null,
      "researchAndDev": 9170000000,
      "returnOnAssets": 2.456762104933648,
      "returnOnEquity": 3.54167002433639,
      "interestExpense": 4000000,
      "operatingIncome": 5664000000,
      "operatingMargin": 20.44027426921689,
      "revenueSegments": {
        "products": [
          "Advertising/Family of Apps",
          "Reality Labs"
        ],
        "productsSold": [
          0,
          0
        ]
      },
      "stockRepurchase": 6354000000,
      "dividendPerShare": null,
      "shareholderEquity": 124094000000,
      "sharesOutstanding": 2682000000,
      "currentLiabilities": 22687000000,
      "stockBasedCompensation": 0,
      "returnOnCapitalEmployed": 3.625957863604064,
      "returnOnInvestedCapital": -0.46211730749407276,
      "depreciationAndAmortization": 137000000,
      "sellingGeneralAndAdministrative": 7164000000
    },
    {
      "ceo": "Mark Zuckerberg",
      "eps": 1.7631678666161426,
      "cash": 14681000000,
      "cogs": 8336000000,
      "date": "2022-12-31",
      "debt": 129000000,
      "ebit": 6399000000,
      "capEx": 9043000000,
      "assets": 31872597000,
      "ebitda": 6455000000,
      "ticker": "META",
      "country": "USA",
      "revenue": 31920000000,
      "cashflow": 5468000000,
      "exchange": "NASDAQ",
      "employees": 0,
      "incomeTax": 1496000000,
      "netIncome": 4653000000,
      "netMargin": 14.577067669172934,
      "fiscalYear": 2022,
      "grossMargin": 73.88471177944862,
      "grossProfit": 23584000000,
      "totalAssets": 185727000000,
      "currentAssets": 59549000000,
      "fiscalQuarter": 2,
      "dividendPayout": null,
      "researchAndDev": 9771000000,
      "returnOnAssets": 2.505290022452309,
      "returnOnEquity": 3.7012878540803253,
      "interestExpense": 164000000,
      "operatingIncome": 6399000000,
      "operatingMargin": 20.046992481203006,
      "revenueSegments": {
        "products": [
          "Advertising/Family of Apps",
          "Reality Labs"
        ],
        "productsSold": [
          0,
          0
        ]
      },
      "stockRepurchase": 6863000000,
      "dividendPerShare": null,
      "shareholderEquity": 125713000000,
      "sharesOutstanding": 2639000000,
      "currentLiabilities": 27026000000,
      "stockBasedCompensation": 0,
      "returnOnCapitalEmployed": 4.032110698735358,
      "returnOnInvestedCapital": -0.6510423582525561,
      "depreciationAndAmortization": 142000000,
      "sellingGeneralAndAdministrative": 7659000000
    },
    {
      "ceo": "Mark Zuckerberg",
      "eps": 2.206803247004252,
      "cash": 11551000000,
      "cogs": 6108000000,
      "date": "2023-03-31",
      "debt": 114000000,
      "ebit": 7227000000,
      "capEx": 6842000000,
      "assets": 31872597000,
      "ebitda": 7512000000,
      "ticker": "META",
      "country": "USA",
      "revenue": 28591000000,
      "cashflow": 7156000000,
      "exchange": "NASDAQ",
      "employees": 0,
      "incomeTax": 1598000000,
      "netIncome": 5709000000,
      "netMargin": 19.967822041901297,
      "fiscalYear": 2023,
      "grossMargin": 78.63663390577454,
      "grossProfit": 22483000000,
      "totalAssets": 184491000000,
      "currentAssets": 52483000000,
      "fiscalQuarter": 2,
      "dividendPayout": null,
      "researchAndDev": 9381000000,
      "returnOnAssets": 3.0944598923524724,
      "returnOnEquity": 4.5747025121198766,
      "interestExpense": 54000000,
      "operatingIncome": 7227000000,
      "operatingMargin": 25.27718512818719,
      "revenueSegments": {
        "products": [
          "Advertising/Family of Apps",
          "Reality Labs"
        ],
        "productsSold": [
          0,
          0
        ]
      },
      "stockRepurchase": 9365000000,
      "dividendPerShare": null,
      "shareholderEquity": 124795000000,
      "sharesOutstanding": 2587000000,
      "currentLiabilities": 25381000000,
      "stockBasedCompensation": 0,
      "returnOnCapitalEmployed": 4.542140657406826,
      "returnOnInvestedCapital": -0.8347916357704286,
      "depreciationAndAmortization": 151000000,
      "sellingGeneralAndAdministrative": 5929000000
    }
  ],
  "fundamentalsAnno": [
    {
      "ceo": "Mark Zuckerberg",
      "eps": 7.691130434782608,
      "cash": 10019000000,
      "cogs": 9355000000,
      "date": "2018-12-31",
      "debt": null,
      "ebit": 25370000000,
      "capEx": 13915000000,
      "assets": 31872597000,
      "ebitda": 26010000000,
      "ticker": "META",
      "country": "USA",
      "revenue": 55616000000,
      "cashflow": 15359000000,
      "exchange": "NASDAQ",
      "employees": 35587,
      "incomeTax": 3249000000,
      "netIncome": 22112000000,
      "netMargin": 39.758342922899885,
      "fiscalYear": 2018,
      "grossMargin": 83.1793009205984,
      "grossProfit": 46261000000,
      "totalAssets": 97334000000,
      "currentAssets": 50480000000,
      "fiscalQuarter": 4,
      "dividendPayout": null,
      "researchAndDev": 10273000000,
      "returnOnAssets": 22.71765261881768,
      "returnOnEquity": 26.284070512439527,
      "interestExpense": 9000000,
      "operatingIncome": 24913000000,
      "operatingMargin": 44.79466340621404,
      "revenueSegments": {
        "products": [
          "Advertising/Family of Apps",
          "Reality Labs"
        ],
        "productsSold": [
          55838000000,
          0
        ]
      },
      "stockRepurchase": 12879000000,
      "dividendPerShare": null,
      "shareholderEquity": 84127000000,
      "sharesOutstanding": 2875000000,
      "currentLiabilities": 7017000000,
      "stockBasedCompensation": 4150000000,
      "returnOnCapitalEmployed": 28.089949843329602,
      "returnOnInvestedCapital": -1.8671033353443076,
      "depreciationAndAmortization": 640000000,
      "sellingGeneralAndAdministrative": 11297000000
    },
    {
      "ceo": "Mark Zuckerberg",
      "eps": 6.483689933356717,
      "cash": 19079000000,
      "cogs": 12770000000,
      "date": "2019-12-31",
      "debt": 855000000,
      "ebit": 24832000000,
      "capEx": 15102000000,
      "assets": 31872597000,
      "ebitda": 25589000000,
      "ticker": "META",
      "country": "USA",
      "revenue": 70572000000,
      "cashflow": 21212000000,
      "exchange": "NASDAQ",
      "employees": 45000,
      "incomeTax": 6327000000,
      "netIncome": 18485000000,
      "netMargin": 26.193107748115402,
      "fiscalYear": 2019,
      "grossMargin": 81.90500481777475,
      "grossProfit": 57802000000,
      "totalAssets": 133376000000,
      "currentAssets": 66225000000,
      "fiscalQuarter": 4,
      "dividendPayout": null,
      "researchAndDev": 13600000000,
      "returnOnAssets": 13.859315019193858,
      "returnOnEquity": 18.292200209788824,
      "interestExpense": 20000000,
      "operatingIncome": 23986000000,
      "operatingMargin": 33.987983902964345,
      "revenueSegments": {
        "products": [
          "Advertising/Family of Apps",
          "Reality Labs"
        ],
        "productsSold": [
          70697000000,
          0
        ]
      },
      "stockRepurchase": 4202000000,
      "dividendPerShare": null,
      "shareholderEquity": 101054000000,
      "sharesOutstanding": 2851000000,
      "currentLiabilities": 15053000000,
      "stockBasedCompensation": 4840000000,
      "returnOnCapitalEmployed": 20.986621366936266,
      "returnOnInvestedCapital": -0.8889951671365284,
      "depreciationAndAmortization": 757000000,
      "sellingGeneralAndAdministrative": 20341000000
    },
    {
      "ceo": "Mark Zuckerberg",
      "eps": 10.212333566923617,
      "cash": 17576000000,
      "cogs": 16692000000,
      "date": "2020-12-31",
      "debt": 54000000,
      "ebit": 32671000000,
      "capEx": 15115000000,
      "assets": 31872597000,
      "ebitda": 33926000000,
      "ticker": "META",
      "country": "USA",
      "revenue": 85822000000,
      "cashflow": 23632000000,
      "exchange": "NASDAQ",
      "employees": 58604,
      "incomeTax": 4034000000,
      "netIncome": 29146000000,
      "netMargin": 33.96098902379343,
      "fiscalYear": 2020,
      "grossMargin": 80.55044161170795,
      "grossProfit": 69130000000,
      "totalAssets": 159316000000,
      "currentAssets": 75670000000,
      "fiscalQuarter": 4,
      "dividendPayout": null,
      "researchAndDev": 18447000000,
      "returnOnAssets": 18.294458811418814,
      "returnOnEquity": 22.718840127835374,
      "interestExpense": 14000000,
      "operatingIncome": 32671000000,
      "operatingMargin": 38.06832746848128,
      "revenueSegments": {
        "products": [
          "Advertising/Family of Apps",
          "Reality Labs"
        ],
        "productsSold": [
          84826000000,
          1139000000
        ]
      },
      "stockRepurchase": 6272000000,
      "dividendPerShare": null,
      "shareholderEquity": 128290000000,
      "sharesOutstanding": 2854000000,
      "currentLiabilities": 14981000000,
      "stockBasedCompensation": 6536000000,
      "returnOnCapitalEmployed": 22.635535386427406,
      "returnOnInvestedCapital": -0.9526930370271799,
      "depreciationAndAmortization": 732000000,
      "sellingGeneralAndAdministrative": 18155000000
    },
    {
      "ceo": "Mark Zuckerberg",
      "eps": 14.2438494934877,
      "cash": 16601000000,
      "cogs": 22649000000,
      "date": "2021-12-31",
      "debt": 75000000,
      "ebit": 46753000000,
      "capEx": 18567000000,
      "assets": 31872597000,
      "ebitda": 48050000000,
      "ticker": "META",
      "country": "USA",
      "revenue": 117774000000,
      "cashflow": 39116000000,
      "exchange": "NASDAQ",
      "employees": 71970,
      "incomeTax": 7914000000,
      "netIncome": 39370000000,
      "netMargin": 33.42843072324961,
      "fiscalYear": 2021,
      "grossMargin": 80.76910014094791,
      "grossProfit": 95125000000,
      "totalAssets": 165987000000,
      "currentAssets": 66666000000,
      "fiscalQuarter": 4,
      "dividendPayout": null,
      "researchAndDev": 24655000000,
      "returnOnAssets": 23.718724960388464,
      "returnOnEquity": 31.526517669103693,
      "interestExpense": 15000000,
      "operatingIncome": 46753000000,
      "operatingMargin": 39.697216703177276,
      "revenueSegments": {
        "products": [
          "Advertising/Family of Apps",
          "Reality Labs"
        ],
        "productsSold": [
          115655000000,
          2274000000
        ]
      },
      "stockRepurchase": 44537000000,
      "dividendPerShare": null,
      "shareholderEquity": 124879000000,
      "sharesOutstanding": 2764000000,
      "currentLiabilities": 21135000000,
      "stockBasedCompensation": 9164000000,
      "returnOnCapitalEmployed": 32.27639245574794,
      "returnOnInvestedCapital": -5.130647291941876,
      "depreciationAndAmortization": 751000000,
      "sellingGeneralAndAdministrative": 23872000000
    },
    {
      "ceo": "Mark Zuckerberg",
      "eps": 8.791208791208792,
      "cash": 14681000000,
      "cogs": 25249000000,
      "date": "2022-12-31",
      "debt": 129000000,
      "ebit": 28944000000,
      "capEx": 31431000000,
      "assets": 31872597000,
      "ebitda": 29560000000,
      "ticker": "META",
      "country": "USA",
      "revenue": 116352000000,
      "cashflow": 19044000000,
      "exchange": "NASDAQ",
      "employees": 86482,
      "incomeTax": 5619000000,
      "netIncome": 23200000000,
      "netMargin": 19.93949394939494,
      "fiscalYear": 2022,
      "grossMargin": 78.2994705720572,
      "grossProfit": 91103000000,
      "totalAssets": 185727000000,
      "currentAssets": 59549000000,
      "fiscalQuarter": 4,
      "dividendPayout": null,
      "researchAndDev": 35338000000,
      "returnOnAssets": 12.491452508251358,
      "returnOnEquity": 18.454734196145186,
      "interestExpense": 176000000,
      "operatingIncome": 28944000000,
      "operatingMargin": 24.876237623762375,
      "revenueSegments": {
        "products": [
          "Advertising/Family of Apps",
          "Reality Labs"
        ],
        "productsSold": [
          114450000000,
          2159000000
        ]
      },
      "stockRepurchase": 27956000000,
      "dividendPerShare": null,
      "shareholderEquity": 125713000000,
      "sharesOutstanding": 2639000000,
      "currentLiabilities": 27026000000,
      "stockBasedCompensation": 11992000000,
      "returnOnCapitalEmployed": 18.238070333520266,
      "returnOnInvestedCapital": -0.8051432516396272,
      "depreciationAndAmortization": 565000000,
      "sellingGeneralAndAdministrative": 27078000000
    }
  ]
}