{
  "id": 11,
  "created_at": "2023-06-26 05:19:45.021906+00",
  "ticker": "asml",
  "description": "",
  "companyName": "ASML",
  "ceo": "Peter Wennink",
  "website": "https://www.asml.com/",
  "fundamentals": [
    {
      "ceo": "Peter Wennink",
      "eps": 1.3,
      "cash": 2464800000,
      "cogs": 1171500000,
      "date": "2018-03-31",
      "debt": null,
      "ebit": 621200000,
      "capEx": 135300000,
      "assets": 31872597000,
      "ebitda": 723800000,
      "ticker": "ASML",
      "country": "USA",
      "revenue": 2285000000,
      "cashflow": 55700000,
      "exchange": "NASDAQ",
      "employees": 0,
      "incomeTax": 74400000,
      "netIncome": 557300000,
      "netMargin": 24.39,
      "fiscalYear": 2018,
      "grossMargin": 48.73,
      "grossProfit": 1113500000,
      "totalAssets": 18644200000,
      "currentAssets": 9212700000,
      "fiscalQuarter": 2,
      "dividendPayout": 597100000,
      "researchAndDev": 357100000,
      "returnOnAssets": 2.99,
      "returnOnEquity": "5.04",
      "interestExpense": 10500000,
      "operatingIncome": 642200000,
      "operatingMargin": 28.11,
      "revenueSegments": {
        "products": [
          "",
          ""
        ],
        "productsSold": [
          0,
          0
        ]
      },
      "stockRepurchase": null,
      "dividendPerShare": 1.3921660060620191,
      "shareholderEquity": 11061700000,
      "sharesOutstanding": 428900000,
      "currentLiabilities": 3132200000,
      "stockBasedCompensation": 0,
      "returnOnCapitalEmployed": 4,
      "returnOnInvestedCapital": null,
      "depreciationAndAmortization": 102600000,
      "sellingGeneralAndAdministrative": 580641000
    },
    {
      "ceo": "Peter Wennink",
      "eps": 1.36,
      "cash": 2325700000,
      "cogs": 1553500000,
      "date": "2018-06-30",
      "debt": null,
      "ebit": 685000000,
      "capEx": 135400000,
      "assets": 31872597000,
      "ebitda": 784700000,
      "ticker": "ASML",
      "country": "USA",
      "revenue": 2740400000,
      "cashflow": 623700000,
      "exchange": "NASDAQ",
      "employees": 0,
      "incomeTax": 107500000,
      "netIncome": 579700000,
      "netMargin": 21.15,
      "fiscalYear": 2018,
      "grossMargin": 43.31,
      "grossProfit": 1186900000,
      "totalAssets": 18738800000,
      "currentAssets": 9214200000,
      "fiscalQuarter": 2,
      "dividendPayout": 597100000,
      "researchAndDev": 380100000,
      "returnOnAssets": 3.09,
      "returnOnEquity": "5.36",
      "interestExpense": 2200000,
      "operatingIncome": 689400000,
      "operatingMargin": 25.16,
      "revenueSegments": {
        "products": [
          "",
          ""
        ],
        "productsSold": [
          0,
          0
        ]
      },
      "stockRepurchase": null,
      "dividendPerShare": 1.396398503274088,
      "shareholderEquity": 10822200000,
      "sharesOutstanding": 427600000,
      "currentLiabilities": 3380800000,
      "stockBasedCompensation": 0,
      "returnOnCapitalEmployed": 4.46,
      "returnOnInvestedCapital": null,
      "depreciationAndAmortization": 99700000,
      "sellingGeneralAndAdministrative": 136638733.71
    },
    {
      "ceo": "Peter Wennink",
      "eps": 1.6,
      "cash": 2203200000,
      "cogs": 1440200000,
      "date": "2018-09-30",
      "debt": null,
      "ebit": 801600000,
      "capEx": 134300000,
      "assets": 31872597000,
      "ebitda": 911600000,
      "ticker": "ASML",
      "country": "USA",
      "revenue": 2776100000,
      "cashflow": 357900000,
      "exchange": "NASDAQ",
      "employees": 0,
      "incomeTax": 129600000,
      "netIncome": 680100000,
      "netMargin": 24.5,
      "fiscalYear": 2018,
      "grossMargin": 48.12,
      "grossProfit": 1335900000,
      "totalAssets": 19457600000,
      "currentAssets": 9913100000,
      "fiscalQuarter": 2,
      "dividendPayout": 1023848112.99,
      "researchAndDev": 396300000,
      "returnOnAssets": 3.5,
      "returnOnEquity": "6.10",
      "interestExpense": 8100000,
      "operatingIncome": 817800000,
      "operatingMargin": 29.46,
      "revenueSegments": {
        "products": [
          "",
          ""
        ],
        "productsSold": [
          0,
          0
        ]
      },
      "stockRepurchase": null,
      "dividendPerShare": 2.403963636980512,
      "shareholderEquity": 11154000000,
      "sharesOutstanding": 425900000,
      "currentLiabilities": 3546100000,
      "stockBasedCompensation": 0,
      "returnOnCapitalEmployed": 5.04,
      "returnOnInvestedCapital": null,
      "depreciationAndAmortization": 110000000,
      "sellingGeneralAndAdministrative": 121800000
    },
    {
      "ceo": "Peter Wennink",
      "eps": 1.81,
      "cash": 3121100000,
      "cogs": 1749600000,
      "date": "2018-12-31",
      "debt": null,
      "ebit": 800900000,
      "capEx": 204500000,
      "assets": 31872597000,
      "ebitda": 911300000,
      "ticker": "ASML",
      "country": "USA",
      "revenue": 3142500000,
      "cashflow": 1425900000,
      "exchange": "NASDAQ",
      "employees": 0,
      "incomeTax": 40100000,
      "netIncome": 768300000,
      "netMargin": 24.45,
      "fiscalYear": 2018,
      "grossMargin": 44.32,
      "grossProfit": 1392900000,
      "totalAssets": 20136900000,
      "currentAssets": 10531400000,
      "fiscalQuarter": 2,
      "dividendPayout": 1334744499.69,
      "researchAndDev": 442400000,
      "returnOnAssets": 3.82,
      "returnOnEquity": "6.60",
      "interestExpense": 7500000,
      "operatingIncome": 815900000,
      "operatingMargin": 25.96,
      "revenueSegments": {
        "products": [
          "",
          ""
        ],
        "productsSold": [
          0,
          0
        ]
      },
      "stockRepurchase": null,
      "dividendPerShare": 3.1509549095609066,
      "shareholderEquity": 11641000000,
      "sharesOutstanding": 423600000,
      "currentLiabilities": 3791900000,
      "stockBasedCompensation": 0,
      "returnOnCapitalEmployed": 4.9,
      "returnOnInvestedCapital": null,
      "depreciationAndAmortization": 110400000,
      "sellingGeneralAndAdministrative": 134600000
    },
    {
      "ceo": "Peter Wennink",
      "eps": 0.81,
      "cash": 2253000000,
      "cogs": 1301100000,
      "date": "2019-03-31",
      "debt": null,
      "ebit": 318500000,
      "capEx": 233700000,
      "assets": 31872597000,
      "ebitda": 423300000,
      "ticker": "ASML",
      "country": "USA",
      "revenue": 2229100000,
      "cashflow": -714500000,
      "exchange": "NASDAQ",
      "employees": 0,
      "incomeTax": -17000000,
      "netIncome": 343400000,
      "netMargin": 15.41,
      "fiscalYear": 2019,
      "grossMargin": 41.63,
      "grossProfit": 928000000,
      "totalAssets": 20360600000,
      "currentAssets": 10396300000,
      "fiscalQuarter": 2,
      "dividendPayout": 0,
      "researchAndDev": 472700000,
      "returnOnAssets": 1.69,
      "returnOnEquity": "2.87",
      "interestExpense": 7900000,
      "operatingIncome": 334300000,
      "operatingMargin": 15,
      "revenueSegments": {
        "products": [
          "",
          ""
        ],
        "productsSold": [
          0,
          0
        ]
      },
      "stockRepurchase": null,
      "dividendPerShare": 0,
      "shareholderEquity": 11965700000,
      "sharesOutstanding": 422500000,
      "currentLiabilities": 3721200000,
      "stockBasedCompensation": 0,
      "returnOnCapitalEmployed": 1.91,
      "returnOnInvestedCapital": null,
      "depreciationAndAmortization": 104800000,
      "sellingGeneralAndAdministrative": 121000000
    },
    {
      "ceo": "Peter Wennink",
      "eps": 1.11,
      "cash": 1661100000,
      "cogs": 1462700000,
      "date": "2019-06-30",
      "debt": null,
      "ebit": 480500000,
      "capEx": 140000000,
      "assets": 31872597000,
      "ebitda": 588900000,
      "ticker": "ASML",
      "country": "USA",
      "revenue": 2567900000,
      "cashflow": -40500000,
      "exchange": "NASDAQ",
      "employees": 0,
      "incomeTax": 19100000,
      "netIncome": 468300000,
      "netMargin": 18.24,
      "fiscalYear": 2019,
      "grossMargin": 43.04,
      "grossProfit": 1105200000,
      "totalAssets": 20033900000,
      "currentAssets": 9895300000,
      "fiscalQuarter": 2,
      "dividendPayout": 884400000,
      "researchAndDev": 487400000,
      "returnOnAssets": 2.34,
      "returnOnEquity": "4.06",
      "interestExpense": 6900000,
      "operatingIncome": 494300000,
      "operatingMargin": 19.25,
      "revenueSegments": {
        "products": [
          "",
          ""
        ],
        "productsSold": [
          0,
          0
        ]
      },
      "stockRepurchase": null,
      "dividendPerShare": 2.0967283072546232,
      "shareholderEquity": 11545300000,
      "sharesOutstanding": 421800000,
      "currentLiabilities": 3692500000,
      "stockBasedCompensation": 0,
      "returnOnCapitalEmployed": 2.94,
      "returnOnInvestedCapital": null,
      "depreciationAndAmortization": 108400000,
      "sellingGeneralAndAdministrative": 123500000
    },
    {
      "ceo": "Peter Wennink",
      "eps": 1.46,
      "cash": 1586100000,
      "cogs": 1680100000,
      "date": "2019-09-30",
      "debt": null,
      "ebit": 674800000,
      "capEx": 197000000,
      "assets": 31872597000,
      "ebitda": 787200000,
      "ticker": "ASML",
      "country": "USA",
      "revenue": 2986500000,
      "cashflow": -127600000,
      "exchange": "NASDAQ",
      "employees": 0,
      "incomeTax": 65000000,
      "netIncome": 615200000,
      "netMargin": 20.6,
      "fiscalYear": 2019,
      "grossMargin": 43.74,
      "grossProfit": 1306400000,
      "totalAssets": 20699200000,
      "currentAssets": 10094100000,
      "fiscalQuarter": 2,
      "dividendPayout": 0,
      "researchAndDev": 492300000,
      "returnOnAssets": 2.97,
      "returnOnEquity": "5.10",
      "interestExpense": 5400000,
      "operatingIncome": 685600000,
      "operatingMargin": 22.96,
      "revenueSegments": {
        "products": [
          "",
          ""
        ],
        "productsSold": [
          0,
          0
        ]
      },
      "stockRepurchase": null,
      "dividendPerShare": 0,
      "shareholderEquity": 12071100000,
      "sharesOutstanding": 421700000,
      "currentLiabilities": 3712500000,
      "stockBasedCompensation": 0,
      "returnOnCapitalEmployed": 3.97,
      "returnOnInvestedCapital": null,
      "depreciationAndAmortization": 112400000,
      "sellingGeneralAndAdministrative": 128500000
    },
    {
      "ceo": "Peter Wennink",
      "eps": 2.72,
      "cash": 3532300000,
      "cogs": 2096300000,
      "date": "2019-12-31",
      "debt": null,
      "ebit": 1266900000,
      "capEx": 315200000,
      "assets": 31872597000,
      "ebitda": 1389800000,
      "ticker": "ASML",
      "country": "USA",
      "revenue": 4036400000,
      "cashflow": 3273100000,
      "exchange": "NASDAQ",
      "employees": 0,
      "incomeTax": 124500000,
      "netIncome": 1147200000,
      "netMargin": 28.42,
      "fiscalYear": 2019,
      "grossMargin": 48.07,
      "grossProfit": 1940100000,
      "totalAssets": 22629600000,
      "currentAssets": 12131100000,
      "fiscalQuarter": 2,
      "dividendPayout": 441300000,
      "researchAndDev": 516100000,
      "returnOnAssets": 5.07,
      "returnOnEquity": "9.11",
      "interestExpense": 4800000,
      "operatingIncome": 1276500000,
      "operatingMargin": 31.62,
      "revenueSegments": {
        "products": [
          "",
          ""
        ],
        "productsSold": [
          0,
          0
        ]
      },
      "stockRepurchase": null,
      "dividendPerShare": 1.0479696034196153,
      "shareholderEquity": 12592200000,
      "sharesOutstanding": 421100000,
      "currentLiabilities": 4694100000,
      "stockBasedCompensation": 0,
      "returnOnCapitalEmployed": 7.06,
      "returnOnInvestedCapital": null,
      "depreciationAndAmortization": 122900000,
      "sellingGeneralAndAdministrative": 147600000
    },
    {
      "ceo": "Peter Wennink",
      "eps": 0.87,
      "cash": 2723700000,
      "cogs": 1339200000,
      "date": "2020-03-31",
      "debt": null,
      "ebit": 426700000,
      "capEx": 242300000,
      "assets": 31872597000,
      "ebitda": 545000000,
      "ticker": "ASML",
      "country": "USA",
      "revenue": 2440600000,
      "cashflow": -848100000,
      "exchange": "NASDAQ",
      "employees": 0,
      "incomeTax": 48500000,
      "netIncome": 366800000,
      "netMargin": 15.03,
      "fiscalYear": 2020,
      "grossMargin": 45.13,
      "grossProfit": 1101400000,
      "totalAssets": 23277600000,
      "currentAssets": 12700100000,
      "fiscalQuarter": 2,
      "dividendPayout": 564800000,
      "researchAndDev": 544000000,
      "returnOnAssets": 1.58,
      "returnOnEquity": "2.93",
      "interestExpense": 11400000,
      "operatingIncome": 426700000,
      "operatingMargin": 17.48,
      "revenueSegments": {
        "products": [
          "",
          ""
        ],
        "productsSold": [
          0,
          0
        ]
      },
      "stockRepurchase": null,
      "dividendPerShare": 1.3457231355730284,
      "shareholderEquity": 12525200000,
      "sharesOutstanding": 419700000,
      "currentLiabilities": 4677400000,
      "stockBasedCompensation": 0,
      "returnOnCapitalEmployed": 2.29,
      "returnOnInvestedCapital": null,
      "depreciationAndAmortization": 118300000,
      "sellingGeneralAndAdministrative": 130700000
    },
    {
      "ceo": "Peter Wennink",
      "eps": 1.75,
      "cash": 3499100000,
      "cogs": 1722500000,
      "date": "2020-06-30",
      "debt": null,
      "ebit": 890900000,
      "capEx": 231800000,
      "assets": 31872597000,
      "ebitda": 1016000000,
      "ticker": "ASML",
      "country": "USA",
      "revenue": 3325700000,
      "cashflow": 140100000,
      "exchange": "NASDAQ",
      "employees": 0,
      "incomeTax": 166400000,
      "netIncome": 731600000,
      "netMargin": 22,
      "fiscalYear": 2020,
      "grossMargin": 48.21,
      "grossProfit": 1603200000,
      "totalAssets": 24306100000,
      "currentAssets": 13492600000,
      "fiscalQuarter": 2,
      "dividendPayout": 564800000,
      "researchAndDev": 566900000,
      "returnOnAssets": 3.01,
      "returnOnEquity": "5.76",
      "interestExpense": 7100000,
      "operatingIncome": 905100000,
      "operatingMargin": 27.22,
      "revenueSegments": {
        "products": [
          "",
          ""
        ],
        "productsSold": [
          0,
          0
        ]
      },
      "stockRepurchase": null,
      "dividendPerShare": 1.3479713603818615,
      "shareholderEquity": 12699800000,
      "sharesOutstanding": 419000000,
      "currentLiabilities": 4631300000,
      "stockBasedCompensation": 0,
      "returnOnCapitalEmployed": 4.53,
      "returnOnInvestedCapital": null,
      "depreciationAndAmortization": 125100000,
      "sellingGeneralAndAdministrative": 131200000
    },
    {
      "ceo": "Peter Wennink",
      "eps": 2.53,
      "cash": 3531500000,
      "cogs": 2076600000,
      "date": "2020-09-30",
      "debt": null,
      "ebit": 1236400000,
      "capEx": 212500000,
      "assets": 31872597000,
      "ebitda": 1358400000,
      "ticker": "ASML",
      "country": "USA",
      "revenue": 3958000000,
      "cashflow": -21400000,
      "exchange": "NASDAQ",
      "employees": 0,
      "incomeTax": 166500000,
      "netIncome": 1061500000,
      "netMargin": 26.82,
      "fiscalYear": 2020,
      "grossMargin": 47.53,
      "grossProfit": 1881400000,
      "totalAssets": 25463400000,
      "currentAssets": 14550800000,
      "fiscalQuarter": 2,
      "dividendPayout": 501600000,
      "researchAndDev": 534000000,
      "returnOnAssets": 4.17,
      "returnOnEquity": "7.72",
      "interestExpense": 8400000,
      "operatingIncome": 1215900000,
      "operatingMargin": 30.72,
      "revenueSegments": {
        "products": [
          "",
          ""
        ],
        "productsSold": [
          0,
          0
        ]
      },
      "stockRepurchase": null,
      "dividendPerShare": 1.1965648854961832,
      "shareholderEquity": 13742500000,
      "sharesOutstanding": 419200000,
      "currentLiabilities": 4990900000,
      "stockBasedCompensation": 0,
      "returnOnCapitalEmployed": 6.04,
      "returnOnInvestedCapital": null,
      "depreciationAndAmortization": 122000000,
      "sellingGeneralAndAdministrative": 131500000
    },
    {
      "ceo": "Peter Wennink",
      "eps": 3.17,
      "cash": 6049400000,
      "cogs": 2043000000,
      "date": "2020-12-31",
      "debt": null,
      "ebit": 1487700000,
      "capEx": 305100000,
      "assets": 31872597000,
      "ebitda": 1613100000,
      "ticker": "ASML",
      "country": "USA",
      "revenue": 4254100000,
      "cashflow": 4365300000,
      "exchange": "NASDAQ",
      "employees": 0,
      "incomeTax": 170200000,
      "netIncome": 1325500000,
      "netMargin": 31.16,
      "fiscalYear": 2020,
      "grossMargin": 51.98,
      "grossProfit": 2211100000,
      "totalAssets": 27267400000,
      "currentAssets": 15930000000,
      "fiscalQuarter": 2,
      "dividendPayout": 501600000,
      "researchAndDev": 555900000,
      "returnOnAssets": 4.86,
      "returnOnEquity": "9.56",
      "interestExpense": 8000000,
      "operatingIncome": 1503700000,
      "operatingMargin": 35.35,
      "revenueSegments": {
        "products": [
          "",
          ""
        ],
        "productsSold": [
          0,
          0
        ]
      },
      "stockRepurchase": null,
      "dividendPerShare": 1.1988527724665392,
      "shareholderEquity": 13865400000,
      "sharesOutstanding": 418400000,
      "currentLiabilities": 6603500000,
      "stockBasedCompensation": 0,
      "returnOnCapitalEmployed": 7.2,
      "returnOnInvestedCapital": null,
      "depreciationAndAmortization": 125400000,
      "sellingGeneralAndAdministrative": 151500000
    },
    {
      "ceo": "Peter Wennink",
      "eps": 3.17,
      "cash": 3243800000,
      "cogs": 2011500000,
      "date": "2021-03-31",
      "debt": null,
      "ebit": 1536400000,
      "capEx": 197300000,
      "assets": 31872597000,
      "ebitda": 1654300000,
      "ticker": "ASML",
      "country": "USA",
      "revenue": 4363900000,
      "cashflow": -1139000000,
      "exchange": "NASDAQ",
      "employees": 0,
      "incomeTax": 230300000,
      "netIncome": 1318200000,
      "netMargin": 30.21,
      "fiscalYear": 2021,
      "grossMargin": 53.91,
      "grossProfit": 2352400000,
      "totalAssets": 27218700000,
      "currentAssets": 15859600000,
      "fiscalQuarter": 2,
      "dividendPayout": 639100000,
      "researchAndDev": 623400000,
      "returnOnAssets": 4.84,
      "returnOnEquity": "9.67",
      "interestExpense": 12100000,
      "operatingIncome": 1560600000,
      "operatingMargin": 35.76,
      "revenueSegments": {
        "products": [
          "",
          ""
        ],
        "productsSold": [
          0,
          0
        ]
      },
      "stockRepurchase": null,
      "dividendPerShare": 1.537037037037037,
      "shareholderEquity": 13628900000,
      "sharesOutstanding": 415800000,
      "currentLiabilities": 6876300000,
      "stockBasedCompensation": 0,
      "returnOnCapitalEmployed": 7.55,
      "returnOnInvestedCapital": null,
      "depreciationAndAmortization": 117900000,
      "sellingGeneralAndAdministrative": 168400000
    },
    {
      "ceo": "Peter Wennink",
      "eps": 2.49,
      "cash": 5186600000,
      "cogs": 1975600000,
      "date": "2021-06-30",
      "debt": null,
      "ebit": 1219400000,
      "capEx": 247400000,
      "assets": 31872597000,
      "ebitda": 1332100000,
      "ticker": "ASML",
      "country": "USA",
      "revenue": 4020200000,
      "cashflow": 3321500000,
      "exchange": "NASDAQ",
      "employees": 0,
      "incomeTax": 204200000,
      "netIncome": 1025000000,
      "netMargin": 25.5,
      "fiscalYear": 2021,
      "grossMargin": 50.86,
      "grossProfit": 2044600000,
      "totalAssets": 27815500000,
      "currentAssets": 16739200000,
      "fiscalQuarter": 2,
      "dividendPayout": 639100000,
      "researchAndDev": 633800000,
      "returnOnAssets": 3.68,
      "returnOnEquity": "8.48",
      "interestExpense": 9800000,
      "operatingIncome": 1239000000,
      "operatingMargin": 30.82,
      "revenueSegments": {
        "products": [
          "",
          ""
        ],
        "productsSold": [
          0,
          0
        ]
      },
      "stockRepurchase": null,
      "dividendPerShare": 1.5512135922330097,
      "shareholderEquity": 12093300000,
      "sharesOutstanding": 412000000,
      "currentLiabilities": 8754100000,
      "stockBasedCompensation": 0,
      "returnOnCapitalEmployed": 6.4,
      "returnOnInvestedCapital": null,
      "depreciationAndAmortization": 112700000,
      "sellingGeneralAndAdministrative": 171800000
    },
    {
      "ceo": "Peter Wennink",
      "eps": 4.01,
      "cash": 4318700000,
      "cogs": 2529900000,
      "date": "2021-09-30",
      "debt": null,
      "ebit": 1898300000,
      "capEx": 205000000,
      "assets": 31872597000,
      "ebitda": 2014500000,
      "ticker": "ASML",
      "country": "USA",
      "revenue": 5241300000,
      "cashflow": 1596600000,
      "exchange": "NASDAQ",
      "employees": 0,
      "incomeTax": 270900000,
      "netIncome": 1637900000,
      "netMargin": 31.25,
      "fiscalYear": 2021,
      "grossMargin": 51.73,
      "grossProfit": 2711400000,
      "totalAssets": 27298000000,
      "currentAssets": 15678300000,
      "fiscalQuarter": 2,
      "dividendPayout": 729200000,
      "researchAndDev": 609200000,
      "returnOnAssets": 6,
      "returnOnEquity": "14.24",
      "interestExpense": 10500000,
      "operatingIncome": 1919300000,
      "operatingMargin": 36.62,
      "revenueSegments": {
        "products": [
          "",
          ""
        ],
        "productsSold": [
          0,
          0
        ]
      },
      "stockRepurchase": null,
      "dividendPerShare": 1.784630445423397,
      "shareholderEquity": 11502400000,
      "sharesOutstanding": 408600000,
      "currentLiabilities": 9162600000,
      "stockBasedCompensation": 0,
      "returnOnCapitalEmployed": 10.47,
      "returnOnInvestedCapital": null,
      "depreciationAndAmortization": 116200000,
      "sellingGeneralAndAdministrative": 182900000
    },
    {
      "ceo": "Peter Wennink",
      "eps": 4.2,
      "cash": 6951800000,
      "cogs": 2285000000,
      "date": "2021-12-31",
      "debt": null,
      "ebit": 2031200000,
      "capEx": 290700000,
      "assets": 31872597000,
      "ebitda": 2155400000,
      "ticker": "ASML",
      "country": "USA",
      "revenue": 4985600000,
      "cashflow": 6126300000,
      "exchange": "NASDAQ",
      "employees": 0,
      "incomeTax": 316000000,
      "netIncome": 1703000000,
      "netMargin": 34.16,
      "fiscalYear": 2021,
      "grossMargin": 54.17,
      "grossProfit": 2700600000,
      "totalAssets": 30231000000,
      "currentAssets": 18190200000,
      "fiscalQuarter": 2,
      "dividendPayout": 729200000,
      "researchAndDev": 680600000,
      "returnOnAssets": 5.63,
      "returnOnEquity": "16.79",
      "interestExpense": 12200000,
      "operatingIncome": 2031200000,
      "operatingMargin": 40.74,
      "revenueSegments": {
        "products": [
          "",
          ""
        ],
        "productsSold": [
          0,
          0
        ]
      },
      "stockRepurchase": null,
      "dividendPerShare": 1.8004938271604938,
      "shareholderEquity": 10140600000,
      "sharesOutstanding": 405000000,
      "currentLiabilities": 12298000000,
      "stockBasedCompensation": 0,
      "returnOnCapitalEmployed": 11.33,
      "returnOnInvestedCapital": null,
      "depreciationAndAmortization": 124200000,
      "sellingGeneralAndAdministrative": 202500000
    },
    {
      "ceo": "Peter Wennink",
      "eps": 1.63,
      "cash": 4324100000,
      "cogs": 1803400000,
      "date": "2022-03-31",
      "debt": null,
      "ebit": 784600000,
      "capEx": 251600000,
      "assets": 31872597000,
      "ebitda": 915600000,
      "ticker": "ASML",
      "country": "USA",
      "revenue": 3534400000,
      "cashflow": -837700000,
      "exchange": "NASDAQ",
      "employees": 0,
      "incomeTax": 114400000,
      "netIncome": 654600000,
      "netMargin": 18.52,
      "fiscalYear": 2022,
      "grossMargin": 48.98,
      "grossProfit": 1731000000,
      "totalAssets": 30231800000,
      "currentAssets": 18208800000,
      "fiscalQuarter": 2,
      "dividendPayout": 1475300000,
      "researchAndDev": 738700000,
      "returnOnAssets": 2.17,
      "returnOnEquity": "7.43",
      "interestExpense": 15600000,
      "operatingIncome": 784600000,
      "operatingMargin": 22.2,
      "revenueSegments": {
        "products": [
          "",
          ""
        ],
        "productsSold": [
          0,
          0
        ]
      },
      "stockRepurchase": null,
      "dividendPerShare": 3.674470734744707,
      "shareholderEquity": 8810400000,
      "sharesOutstanding": 401500000,
      "currentLiabilities": 13612800000,
      "stockBasedCompensation": 0,
      "returnOnCapitalEmployed": 4.72,
      "returnOnInvestedCapital": null,
      "depreciationAndAmortization": 131000000,
      "sellingGeneralAndAdministrative": 207700000
    },
    {
      "ceo": "Peter Wennink",
      "eps": 3.5,
      "cash": 4096500000,
      "cogs": 2766000000,
      "date": "2022-06-30",
      "debt": null,
      "ebit": 1653400000,
      "capEx": 237500000,
      "assets": 31872597000,
      "ebitda": 1784900000,
      "ticker": "ASML",
      "country": "USA",
      "revenue": 5430500000,
      "cashflow": 2315400000,
      "exchange": "NASDAQ",
      "employees": 0,
      "incomeTax": 246200000,
      "netIncome": 1396400000,
      "netMargin": 25.71,
      "fiscalYear": 2022,
      "grossMargin": 49.07,
      "grossProfit": 2664500000,
      "totalAssets": 31912600000,
      "currentAssets": 19835300000,
      "fiscalQuarter": 2,
      "dividendPayout": 1475300000,
      "researchAndDev": 789100000,
      "returnOnAssets": 4.38,
      "returnOnEquity": "18.26",
      "interestExpense": 10800000,
      "operatingIncome": 1653400000,
      "operatingMargin": 30.45,
      "revenueSegments": {
        "products": [
          "",
          ""
        ],
        "productsSold": [
          0,
          0
        ]
      },
      "stockRepurchase": null,
      "dividendPerShare": 3.701204214751631,
      "shareholderEquity": 7648600000,
      "sharesOutstanding": 398600000,
      "currentLiabilities": 14637000000,
      "stockBasedCompensation": 0,
      "returnOnCapitalEmployed": 9.57,
      "returnOnInvestedCapital": null,
      "depreciationAndAmortization": 131500000,
      "sellingGeneralAndAdministrative": 222000000
    },
    {
      "ceo": "Peter Wennink",
      "eps": 4.21,
      "cash": 3152800000,
      "cogs": 2784600000,
      "date": "2022-09-30",
      "debt": null,
      "ebit": 1938500000,
      "capEx": 364300000,
      "assets": 31872597000,
      "ebitda": 2076400000,
      "ticker": "ASML",
      "country": "USA",
      "revenue": 5778300000,
      "cashflow": 805200000,
      "exchange": "NASDAQ",
      "employees": 0,
      "incomeTax": 252000000,
      "netIncome": 1671400000,
      "netMargin": 28.93,
      "fiscalYear": 2022,
      "grossMargin": 51.81,
      "grossProfit": 2993700000,
      "totalAssets": 32803500000,
      "currentAssets": 19726400000,
      "fiscalQuarter": 2,
      "dividendPayout": 543500000,
      "researchAndDev": 819400000,
      "returnOnAssets": 5.1,
      "returnOnEquity": "21.01",
      "interestExpense": 15100000,
      "operatingIncome": 1938500000,
      "operatingMargin": 33.55,
      "revenueSegments": {
        "products": [
          "",
          ""
        ],
        "productsSold": [
          0,
          0
        ]
      },
      "stockRepurchase": null,
      "dividendPerShare": 1.370398386283409,
      "shareholderEquity": 7955100000,
      "sharesOutstanding": 396600000,
      "currentLiabilities": 15668600000,
      "stockBasedCompensation": 0,
      "returnOnCapitalEmployed": 11.31,
      "returnOnInvestedCapital": null,
      "depreciationAndAmortization": 137900000,
      "sellingGeneralAndAdministrative": 207700000
    },
    {
      "ceo": "Peter Wennink",
      "eps": 4.46,
      "cash": 7268300000,
      "cogs": 3119300000,
      "date": "2022-12-31",
      "debt": null,
      "ebit": 2124200000,
      "capEx": 465900000,
      "assets": 31872597000,
      "ebitda": 2307400000,
      "ticker": "ASML",
      "country": "USA",
      "revenue": 6430200000,
      "cashflow": 4884600000,
      "exchange": "NASDAQ",
      "employees": 0,
      "incomeTax": 357300000,
      "netIncome": 1763800000,
      "netMargin": 27.43,
      "fiscalYear": 2022,
      "grossMargin": 51.49,
      "grossProfit": 3310900000,
      "totalAssets": 38826000000,
      "currentAssets": 22549600000,
      "fiscalQuarter": 2,
      "dividendPayout": 541100000,
      "researchAndDev": 906300000,
      "returnOnAssets": 4.54,
      "returnOnEquity": "15.63",
      "interestExpense": 19300000,
      "operatingIncome": 2124200000,
      "operatingMargin": 33.03,
      "revenueSegments": {
        "products": [
          "",
          ""
        ],
        "productsSold": [
          0,
          0
        ]
      },
      "stockRepurchase": null,
      "dividendPerShare": 1.36918016194332,
      "shareholderEquity": 11286000000,
      "sharesOutstanding": 395200000,
      "currentLiabilities": 17762600000,
      "stockBasedCompensation": 0,
      "returnOnCapitalEmployed": 10.08,
      "returnOnInvestedCapital": null,
      "depreciationAndAmortization": 183200000,
      "sellingGeneralAndAdministrative": 280400000
    },
    {
      "ceo": "Peter Wennink",
      "eps": 4.85,
      "cash": 6647700000,
      "cogs": 3333000000,
      "date": "2023-03-31",
      "debt": null,
      "ebit": 2205000000,
      "capEx": 539400000,
      "assets": 31872597000,
      "ebitda": 2375300000,
      "ticker": "ASML",
      "country": "USA",
      "revenue": 6746200000,
      "cashflow": 194200000,
      "exchange": "NASDAQ",
      "employees": 0,
      "incomeTax": 302600000,
      "netIncome": 1914600000,
      "netMargin": 28.38,
      "fiscalYear": 2023,
      "grossMargin": 50.59,
      "grossProfit": 3413200000,
      "totalAssets": 35147600000,
      "currentAssets": 21060800000,
      "fiscalQuarter": 2,
      "dividendPayout": 541100000,
      "researchAndDev": 947900000,
      "returnOnAssets": 5.45,
      "returnOnEquity": "19.56",
      "interestExpense": 12200000,
      "operatingIncome": 2205000000,
      "operatingMargin": 32.69,
      "revenueSegments": {
        "products": [
          "",
          ""
        ],
        "productsSold": [
          0,
          0
        ]
      },
      "stockRepurchase": null,
      "dividendPerShare": 1.3705673758865249,
      "shareholderEquity": 9786300000,
      "sharesOutstanding": 394800000,
      "currentLiabilities": 16948100000,
      "stockBasedCompensation": 0,
      "returnOnCapitalEmployed": 12.12,
      "returnOnInvestedCapital": null,
      "depreciationAndAmortization": 170300000,
      "sellingGeneralAndAdministrative": 260300000
    }
  ],
  "fundamentalsAnno": [
    {
      "ceo": "Peter Wennink",
      "eps": 6.06,
      "cash": 3121100000,
      "cogs": 5914800000,
      "date": "2018-12-31",
      "debt": null,
      "ebit": 2978800000,
      "capEx": 609500000,
      "assets": 31872597000,
      "ebitda": 3401500000,
      "ticker": "ASML",
      "country": "USA",
      "revenue": 10944000000,
      "cashflow": 2463200000,
      "exchange": "NASDAQ",
      "employees": 23250,
      "incomeTax": 351600000,
      "netIncome": 2585400000,
      "netMargin": 23.62,
      "fiscalYear": 2018,
      "grossMargin": 45.95,
      "grossProfit": 5029200000,
      "totalAssets": 20136900000,
      "currentAssets": 10531400000,
      "fiscalQuarter": 4,
      "dividendPayout": 597100000,
      "researchAndDev": 1575900000,
      "returnOnAssets": 12.84,
      "returnOnEquity": 22.21,
      "interestExpense": 41800000,
      "operatingIncome": 2965300000,
      "operatingMargin": 27.1,
      "revenueSegments": {
        "products": [
          "EUV",
          "ArFi",
          "ArF dry",
          "KrF",
          "I-line",
          "Metrology & Inspection"
        ],
        "productsSold": [
          1880100000,
          4806900000,
          274300000,
          860100000,
          98600000,
          339100000
        ]
      },
      "stockRepurchase": null,
      "dividendPerShare": 1.400328330206379,
      "shareholderEquity": 11641000000,
      "sharesOutstanding": 426400000,
      "currentLiabilities": 3791900000,
      "stockBasedCompensation": 46300000,
      "returnOnCapitalEmployed": 18.22,
      "returnOnInvestedCapital": null,
      "depreciationAndAmortization": 422700000,
      "sellingGeneralAndAdministrative": 488000000
    },
    {
      "ceo": "Peter Wennink",
      "eps": 6.08,
      "cash": 3532300000,
      "cogs": 6919900000,
      "date": "2019-12-31",
      "debt": null,
      "ebit": 2716700000,
      "capEx": 1191500000,
      "assets": 31872597000,
      "ebitda": 3556600000,
      "ticker": "ASML",
      "country": "USA",
      "revenue": 11820000000,
      "cashflow": 2463600000,
      "exchange": "NASDAQ",
      "employees": 24900,
      "incomeTax": 128800000,
      "netIncome": 2562900000,
      "netMargin": 21.68,
      "fiscalYear": 2019,
      "grossMargin": 41.46,
      "grossProfit": 4900100000,
      "totalAssets": 24035100000,
      "currentAssets": 11971900000,
      "fiscalQuarter": 4,
      "dividendPayout": 1325700000,
      "researchAndDev": 1662900000,
      "returnOnAssets": 10.66,
      "returnOnEquity": 18.47,
      "interestExpense": 36600000,
      "operatingIncome": 2716700000,
      "operatingMargin": 22.98,
      "revenueSegments": {
        "products": [
          "EUV",
          "ArFi",
          "ArF dry",
          "KrF",
          "I-line",
          "Metrology & Inspection"
        ],
        "productsSold": [
          2799700000,
          4707700000,
          401200000,
          679700000,
          133500000,
          274400000
        ]
      },
      "stockRepurchase": null,
      "dividendPerShare": 3.144449715370019,
      "shareholderEquity": 13876900000,
      "sharesOutstanding": 421600000,
      "currentLiabilities": 4694100000,
      "stockBasedCompensation": 74600000,
      "returnOnCapitalEmployed": 14.05,
      "returnOnInvestedCapital": null,
      "depreciationAndAmortization": 839900000,
      "sellingGeneralAndAdministrative": 520500000
    },
    {
      "ceo": "Peter Wennink",
      "eps": 8.27,
      "cash": 6049400000,
      "cogs": 7181300000,
      "date": "2020-12-31",
      "debt": null,
      "ebit": 4051500000,
      "capEx": 1000800000,
      "assets": 31872597000,
      "ebitda": 4542300000,
      "ticker": "ASML",
      "country": "USA",
      "revenue": 13978500000,
      "cashflow": 3626800000,
      "exchange": "NASDAQ",
      "employees": 26500,
      "incomeTax": 551500000,
      "netIncome": 3465100000,
      "netMargin": 24.79,
      "fiscalYear": 2020,
      "grossMargin": 48.63,
      "grossProfit": 6797200000,
      "totalAssets": 27267400000,
      "currentAssets": 15930000000,
      "fiscalQuarter": 4,
      "dividendPayout": 1066400000,
      "researchAndDev": 2200800000,
      "returnOnAssets": 12.71,
      "returnOnEquity": 24.99,
      "interestExpense": 43400000,
      "operatingIncome": 4051500000,
      "operatingMargin": 28.98,
      "revenueSegments": {
        "products": [
          "EUV",
          "ArFi",
          "ArF dry",
          "KrF",
          "I-line",
          "Metrology & Inspection"
        ],
        "productsSold": [
          4463800000,
          3917000000,
          427000000,
          1012300000,
          146400000,
          350100000
        ]
      },
      "stockRepurchase": null,
      "dividendPerShare": 2.544500119303269,
      "shareholderEquity": 13865400000,
      "sharesOutstanding": 419100000,
      "currentLiabilities": 6603500000,
      "stockBasedCompensation": 53900000,
      "returnOnCapitalEmployed": 19.61,
      "returnOnInvestedCapital": null,
      "depreciationAndAmortization": 490800000,
      "sellingGeneralAndAdministrative": 544900000
    },
    {
      "ceo": "Peter Wennink",
      "eps": 13.85,
      "cash": 6951800000,
      "cogs": 8802000000,
      "date": "2021-12-31",
      "debt": null,
      "ebit": 6750100000,
      "capEx": 940300000,
      "assets": 31872597000,
      "ebitda": 7007400000,
      "ticker": "ASML",
      "country": "USA",
      "revenue": 18611000000,
      "cashflow": 9905500000,
      "exchange": "NASDAQ",
      "employees": 30800,
      "incomeTax": 1021400000,
      "netIncome": 5684100000,
      "netMargin": 30.54,
      "fiscalYear": 2021,
      "grossMargin": 52.71,
      "grossProfit": 9809000000,
      "totalAssets": 30231000000,
      "currentAssets": 18190200000,
      "fiscalQuarter": 4,
      "dividendPayout": 1368300000,
      "researchAndDev": 2547000000,
      "returnOnAssets": 18.8,
      "returnOnEquity": 56.05,
      "interestExpense": 54600000,
      "operatingIncome": 6750100000,
      "operatingMargin": 36.27,
      "revenueSegments": {
        "products": [
          "EUV",
          "ArFi",
          "ArF dry",
          "KrF",
          "I-line",
          "Metrology & Inspection"
        ],
        "productsSold": [
          6284000000,
          4959600000,
          431900000,
          1321300000,
          142300000,
          513700000
        ]
      },
      "stockRepurchase": null,
      "dividendPerShare": 3.3340643274853803,
      "shareholderEquity": 10140600000,
      "sharesOutstanding": 410400000,
      "currentLiabilities": 12298000000,
      "stockBasedCompensation": 117500000,
      "returnOnCapitalEmployed": 37.64,
      "returnOnInvestedCapital": null,
      "depreciationAndAmortization": 257300000,
      "sellingGeneralAndAdministrative": 725600000
    },
    {
      "ceo": "Peter Wennink",
      "eps": 16.07,
      "cash": 7268300000,
      "cogs": 10660700000,
      "date": "2022-12-31",
      "debt": null,
      "ebit": 7321000000,
      "capEx": 2212400000,
      "assets": 31872597000,
      "ebitda": 8213100000,
      "ticker": "ASML",
      "country": "USA",
      "revenue": 21173400000,
      "cashflow": 7222500000,
      "exchange": "NASDAQ",
      "employees": 37600,
      "incomeTax": 1018600000,
      "netIncome": 6395800000,
      "netMargin": 30.21,
      "fiscalYear": 2022,
      "grossMargin": 49.65,
      "grossProfit": 10512700000,
      "totalAssets": 38826000000,
      "currentAssets": 22549600000,
      "fiscalQuarter": 4,
      "dividendPayout": 2559800000,
      "researchAndDev": 2282100000,
      "returnOnAssets": 16.47,
      "returnOnEquity": 56.67,
      "interestExpense": 60800000,
      "operatingIncome": 7321000000,
      "operatingMargin": 34.58,
      "revenueSegments": {
        "products": [
          "EUV",
          "ArFi",
          "ArF dry",
          "KrF",
          "I-line",
          "Metrology & Inspection"
        ],
        "productsSold": [
          7045300000,
          5236500000,
          623700000,
          1653700000,
          211500000,
          659600000
        ]
      },
      "stockRepurchase": null,
      "dividendPerShare": 6.431658291457286,
      "shareholderEquity": 11286000000,
      "sharesOutstanding": 398000000,
      "currentLiabilities": 17762600000,
      "stockBasedCompensation": 68900000,
      "returnOnCapitalEmployed": 34.76,
      "returnOnInvestedCapital": null,
      "depreciationAndAmortization": 892100000,
      "sellingGeneralAndAdministrative": 945900000
    }
  ]
}