[
  {
    "assets": 31872597000,
    "totalAssets": 12882000000,
    "cash": 718000000,
    "cashflow": 337000000,
    "capEx": 150000000,
    "ceo": "Jensen Huang",
    "country": "USA",
    "cogs": 1148000000,
    "date": "2018-07-29",
    "debt": null,
    "depreciationAndAmortization": 58000000,
    "dividendPayout": 91000000,
    "dividendPerShare": 0.14991762767710048,
    "ebit": 1194000000,
    "ebitda": 1252000000,
    "employees": 0,
    "eps": 1.813838550247117,
    "exchange": "NASDAQ",
    "fiscalYear": 2018,
    "fiscalQuarter": 2,
    "grossMargin": 63.24047390329811,
    "grossProfit": 1975000000,
    "incomeTax": 79000000,
    "interestExpense": 14000000,
    "netIncome": 1101000000,
    "netMargin": 35.254562920268974,
    "operatingIncome": 1157000000,
    "operatingMargin": 37.04771053474224,
    "researchAndDev": 581000000,
    "returnOnAssets": 8.546809501630182,
    "returnOnCapitalEmployed": 10.455341506129596,
    "returnOnEquity": 12.518476407049459,
    "returnOnInvestedCapital": null,
    "revenue": 3123000000,
    "revenueSegments": {
      "products": [
        "Model S/X",
        "Model 3/Y"
      ],
      "productsSold": [
        14517,
        72531
      ]
    },
    "shareholderEquity": 8795000000,
    "sharesOutstanding": 607000000,
    "stockBasedCompensation": 0,
    "ticker": "NVDA",
    "currentAssets": 10831000000,
    "currentLiabilities": 1462000000,
    "sellingGeneralAndAdministrative": 237000000,
    "stockRepurchase": 200000000
  },
  {
    "assets": 31872597000,
    "totalAssets": 13657000000,
    "cash": 721000000,
    "cashflow": 695000000,
    "capEx": 203000000,
    "ceo": "Jensen Huang",
    "country": "USA",
    "cogs": 1260000000,
    "date": "2018-10-28",
    "debt": null,
    "depreciationAndAmortization": 68000000,
    "dividendPayout": 98000000,
    "dividendPerShare": 0.16091954022988506,
    "ebit": 1096000000,
    "ebitda": 1164000000,
    "employees": 0,
    "eps": 2.019704433497537,
    "exchange": "NASDAQ",
    "fiscalYear": 2018,
    "fiscalQuarter": 2,
    "grossMargin": 60.38981452373468,
    "grossProfit": 1921000000,
    "incomeTax": -149000000,
    "interestExpense": 15000000,
    "netIncome": 1230000000,
    "netMargin": 38.66708582206853,
    "operatingIncome": 1058000000,
    "operatingMargin": 33.259981138006914,
    "researchAndDev": 605000000,
    "returnOnAssets": 9.00637035952259,
    "returnOnCapitalEmployed": 9.0961905552328,
    "returnOnEquity": 12.981530343007917,
    "returnOnInvestedCapital": null,
    "revenue": 3181000000,
    "revenueSegments": {
      "products": [
        "Model S/X",
        "Model 3/Y"
      ],
      "productsSold": [
        14517,
        72531
      ]
    },
    "shareholderEquity": 9475000000,
    "sharesOutstanding": 609000000,
    "stockBasedCompensation": 0,
    "ticker": "NVDA",
    "currentAssets": 11386000000,
    "currentLiabilities": 1608000000,
    "sellingGeneralAndAdministrative": 258000000,
    "stockRepurchase": 724000000
  },
  {
    "assets": 31872597000,
    "totalAssets": 13292000000,
    "cash": 782000000,
    "cashflow": 592000000,
    "capEx": 128000000,
    "ceo": "Jensen Huang",
    "country": "USA",
    "cogs": 998000000,
    "date": "2019-01-27",
    "debt": null,
    "depreciationAndAmortization": 78000000,
    "dividendPayout": 97000000,
    "dividendPerShare": 0.16006600660066006,
    "ebit": 339000000,
    "ebitda": 417000000,
    "employees": 0,
    "eps": 0.9356435643564357,
    "exchange": "NASDAQ",
    "fiscalYear": 2019,
    "fiscalQuarter": 2,
    "grossMargin": 54.73922902494331,
    "grossProfit": 1207000000,
    "incomeTax": -242000000,
    "interestExpense": 14000000,
    "netIncome": 567000000,
    "netMargin": 25.71428571428571,
    "operatingIncome": 294000000,
    "operatingMargin": 13.333333333333334,
    "researchAndDev": 647000000,
    "returnOnAssets": 4.265723743605176,
    "returnOnCapitalEmployed": 2.833737356850288,
    "returnOnEquity": 6.069364161849711,
    "returnOnInvestedCapital": null,
    "revenue": 2205000000,
    "revenueSegments": {
      "products": [
        "Model S/X",
        "Model 3/Y"
      ],
      "productsSold": [
        14517,
        72531
      ]
    },
    "shareholderEquity": 9342000000,
    "sharesOutstanding": 606000000,
    "stockBasedCompensation": 0,
    "ticker": "NVDA",
    "currentAssets": 10557000000,
    "currentLiabilities": 1329000000,
    "sellingGeneralAndAdministrative": 266000000,
    "stockRepurchase": 0
  },
  {
    "assets": 31872597000,
    "totalAssets": 14021000000,
    "cash": 2772000000,
    "cashflow": 823000000,
    "capEx": 113000000,
    "ceo": "Jensen Huang",
    "country": "USA",
    "cogs": 924000000,
    "date": "2019-04-28",
    "debt": null,
    "depreciationAndAmortization": 91000000,
    "dividendPayout": 97000000,
    "dividendPerShare": 0.15980230642504117,
    "ebit": 402000000,
    "ebitda": 493000000,
    "employees": 0,
    "eps": 0.6490939044481054,
    "exchange": "NASDAQ",
    "fiscalYear": 2019,
    "fiscalQuarter": 2,
    "grossMargin": 58.37837837837838,
    "grossProfit": 1296000000,
    "incomeTax": -5000000,
    "interestExpense": 13000000,
    "netIncome": 394000000,
    "netMargin": 17.74774774774775,
    "operatingIncome": 358000000,
    "operatingMargin": 16.126126126126124,
    "researchAndDev": 674000000,
    "returnOnAssets": 2.8100706083731546,
    "returnOnCapitalEmployed": 3.1313288674248327,
    "returnOnEquity": 4.060181368507832,
    "returnOnInvestedCapital": null,
    "revenue": 2220000000,
    "revenueSegments": {
      "products": [
        "Model S/X",
        "Model 3/Y"
      ],
      "productsSold": [
        14517,
        72531
      ]
    },
    "shareholderEquity": 9704000000,
    "sharesOutstanding": 607000000,
    "stockBasedCompensation": 0,
    "ticker": "NVDA",
    "currentAssets": 10629000000,
    "currentLiabilities": 1183000000,
    "sellingGeneralAndAdministrative": 264000000,
    "stockRepurchase": 0
  },
  {
    "assets": 31872597000,
    "totalAssets": 14775000000,
    "cash": 7105000000,
    "cashflow": 1537000000,
    "capEx": 103000000,
    "ceo": "Jensen Huang",
    "country": "USA",
    "cogs": 1038000000,
    "date": "2019-07-28",
    "debt": 84000000,
    "depreciationAndAmortization": 92000000,
    "dividendPayout": 98000000,
    "dividendPerShare": 0.16091954022988506,
    "ebit": 619000000,
    "ebitda": 711000000,
    "employees": 0,
    "eps": 0.9064039408866995,
    "exchange": "NASDAQ",
    "fiscalYear": 2019,
    "fiscalQuarter": 2,
    "grossMargin": 59.75184179914695,
    "grossProfit": 1541000000,
    "incomeTax": 54000000,
    "interestExpense": 13000000,
    "netIncome": 552000000,
    "netMargin": 21.40364482357503,
    "operatingIncome": 571000000,
    "operatingMargin": 22.1403644823575,
    "researchAndDev": 704000000,
    "returnOnAssets": 3.7360406091370555,
    "returnOnCapitalEmployed": 4.5994947243275375,
    "returnOnEquity": 5.340557275541795,
    "returnOnInvestedCapital": null,
    "revenue": 2579000000,
    "revenueSegments": {
      "products": [
        "Model S/X",
        "Model 3/Y"
      ],
      "productsSold": [
        14517,
        72531
      ]
    },
    "shareholderEquity": 10336000000,
    "sharesOutstanding": 609000000,
    "stockBasedCompensation": 0,
    "ticker": "NVDA",
    "currentAssets": 11391000000,
    "currentLiabilities": 1317000000,
    "sellingGeneralAndAdministrative": 266000000,
    "stockRepurchase": 0
  },
  {
    "assets": 31872597000,
    "totalAssets": 15810000000,
    "cash": 9765000000,
    "cashflow": 1320000000,
    "capEx": 145000000,
    "ceo": "Jensen Huang",
    "country": "USA",
    "cogs": 1098000000,
    "date": "2019-10-27",
    "debt": 89000000,
    "depreciationAndAmortization": 92000000,
    "dividendPayout": 98000000,
    "dividendPerShare": 0.16065573770491803,
    "ebit": 972000000,
    "ebitda": 1064000000,
    "employees": 0,
    "eps": 1.4737704918032788,
    "exchange": "NASDAQ",
    "fiscalYear": 2019,
    "fiscalQuarter": 2,
    "grossMargin": 63.57000663570007,
    "grossProfit": 1916000000,
    "incomeTax": 60000000,
    "interestExpense": 13000000,
    "netIncome": 899000000,
    "netMargin": 29.82747179827472,
    "operatingIncome": 927000000,
    "operatingMargin": 30.756469807564695,
    "researchAndDev": 712000000,
    "returnOnAssets": 5.686274509803922,
    "returnOnCapitalEmployed": 6.7806069061737,
    "returnOnEquity": 8.016764758337793,
    "returnOnInvestedCapital": null,
    "revenue": 3014000000,
    "revenueSegments": {
      "products": [
        "Model S/X",
        "Model 3/Y"
      ],
      "productsSold": [
        14517,
        72531
      ]
    },
    "shareholderEquity": 11214000000,
    "sharesOutstanding": 610000000,
    "stockBasedCompensation": 0,
    "ticker": "NVDA",
    "currentAssets": 12420000000,
    "currentLiabilities": 1475000000,
    "sellingGeneralAndAdministrative": 277000000,
    "stockRepurchase": 0
  },
  {
    "assets": 31872597000,
    "totalAssets": 17315000000,
    "cash": 10896000000,
    "cashflow": 754000000,
    "capEx": 155000000,
    "ceo": "Jensen Huang",
    "country": "USA",
    "cogs": 1090000000,
    "date": "2020-01-26",
    "debt": 0,
    "depreciationAndAmortization": 106000000,
    "dividendPayout": 98000000,
    "dividendPerShare": 0.16013071895424835,
    "ebit": 1028000000,
    "ebitda": 1134000000,
    "employees": 0,
    "eps": 1.5522875816993464,
    "exchange": "NASDAQ",
    "fiscalYear": 2020,
    "fiscalQuarter": 2,
    "grossMargin": 64.89533011272141,
    "grossProfit": 2015000000,
    "incomeTax": 65000000,
    "interestExpense": 13000000,
    "netIncome": 950000000,
    "netMargin": 30.595813204508858,
    "operatingIncome": 990000000,
    "operatingMargin": 31.88405797101449,
    "researchAndDev": 738000000,
    "returnOnAssets": 5.486572336124747,
    "returnOnCapitalEmployed": 6.619020024467194,
    "returnOnEquity": 7.784333005571943,
    "returnOnInvestedCapital": null,
    "revenue": 3105000000,
    "revenueSegments": {
      "products": [
        "Model S/X",
        "Model 3/Y"
      ],
      "productsSold": [
        14517,
        72531
      ]
    },
    "shareholderEquity": 12204000000,
    "sharesOutstanding": 612000000,
    "stockBasedCompensation": 0,
    "ticker": "NVDA",
    "currentAssets": 13690000000,
    "currentLiabilities": 1784000000,
    "sellingGeneralAndAdministrative": 287000000,
    "stockRepurchase": null
  },
  {
    "assets": 31872597000,
    "totalAssets": 23254000000,
    "cash": 15494000000,
    "cashflow": 1350000000,
    "capEx": 217000000,
    "ceo": "Jensen Huang",
    "country": "USA",
    "cogs": 1076000000,
    "date": "2020-04-26",
    "debt": 100000000,
    "depreciationAndAmortization": 107000000,
    "dividendPayout": 99000000,
    "dividendPerShare": 0.16123778501628663,
    "ebit": 1006000000,
    "ebitda": 1113000000,
    "employees": 0,
    "eps": 1.493485342019544,
    "exchange": "NASDAQ",
    "fiscalYear": 2020,
    "fiscalQuarter": 2,
    "grossMargin": 65.06493506493507,
    "grossProfit": 2004000000,
    "incomeTax": 64000000,
    "interestExpense": 25000000,
    "netIncome": 917000000,
    "netMargin": 29.772727272727273,
    "operatingIncome": 976000000,
    "operatingMargin": 31.68831168831169,
    "researchAndDev": 735000000,
    "returnOnAssets": 3.9434075857916917,
    "returnOnCapitalEmployed": 4.711723104304248,
    "returnOnEquity": 7.0005343919383165,
    "returnOnInvestedCapital": null,
    "revenue": 3080000000,
    "revenueSegments": {
      "products": [
        "Model S/X",
        "Model 3/Y"
      ],
      "productsSold": [
        14517,
        72531
      ]
    },
    "shareholderEquity": 13099000000,
    "sharesOutstanding": 614000000,
    "stockBasedCompensation": 0,
    "ticker": "NVDA",
    "currentAssets": 19584000000,
    "currentLiabilities": 1903000000,
    "sellingGeneralAndAdministrative": 293000000,
    "stockRepurchase": null
  },
  {
    "assets": 31872597000,
    "totalAssets": 25180000000,
    "cash": 3274000000,
    "cashflow": 806000000,
    "capEx": 473000000,
    "ceo": "Jensen Huang",
    "country": "USA",
    "cogs": 1591000000,
    "date": "2020-07-26",
    "debt": null,
    "depreciationAndAmortization": 404000000,
    "dividendPayout": 99000000,
    "dividendPerShare": 0.16071428571428573,
    "ebit": 663000000,
    "ebitda": 1067000000,
    "employees": 0,
    "eps": 1.0097402597402598,
    "exchange": "NASDAQ",
    "fiscalYear": 2020,
    "fiscalQuarter": 2,
    "grossMargin": 58.84635281945163,
    "grossProfit": 2275000000,
    "incomeTax": -13000000,
    "interestExpense": 54000000,
    "netIncome": 622000000,
    "netMargin": 16.088980858768753,
    "operatingIncome": 651000000,
    "operatingMargin": 16.839110191412313,
    "researchAndDev": 997000000,
    "returnOnAssets": 2.470214455917395,
    "returnOnCapitalEmployed": 2.9117259552042163,
    "returnOnEquity": 4.4703176656604855,
    "returnOnInvestedCapital": null,
    "revenue": 3866000000,
    "revenueSegments": {
      "products": [
        "Model S/X",
        "Model 3/Y"
      ],
      "productsSold": [
        14517,
        72531
      ]
    },
    "shareholderEquity": 13914000000,
    "sharesOutstanding": 616000000,
    "stockBasedCompensation": 0,
    "ticker": "NVDA",
    "currentAssets": 14681000000,
    "currentLiabilities": 2410000000,
    "sellingGeneralAndAdministrative": 627000000,
    "stockRepurchase": null
  },
  {
    "assets": 31872597000,
    "totalAssets": 26881000000,
    "cash": 2251000000,
    "cashflow": 1784000000,
    "capEx": 283000000,
    "ceo": "Jensen Huang",
    "country": "USA",
    "cogs": 1766000000,
    "date": "2020-10-25",
    "debt": 998000000,
    "depreciationAndAmortization": 299000000,
    "dividendPayout": 99000000,
    "dividendPerShare": 0.16019417475728157,
    "ebit": 1401000000,
    "ebitda": 1700000000,
    "employees": 0,
    "eps": 2.161812297734628,
    "exchange": "NASDAQ",
    "fiscalYear": 2020,
    "fiscalQuarter": 2,
    "grossMargin": 62.632247143461704,
    "grossProfit": 2960000000,
    "incomeTax": 12000000,
    "interestExpense": 53000000,
    "netIncome": 1336000000,
    "netMargin": 28.269149386373254,
    "operatingIncome": 1398000000,
    "operatingMargin": 29.581041049513328,
    "researchAndDev": 1047000000,
    "returnOnAssets": 4.970053197425691,
    "returnOnCapitalEmployed": 6.035671204549371,
    "returnOnEquity": 8.71266466675362,
    "returnOnInvestedCapital": null,
    "revenue": 4726000000,
    "revenueSegments": {
      "products": [
        "Model S/X",
        "Model 3/Y"
      ],
      "productsSold": [
        14517,
        72531
      ]
    },
    "shareholderEquity": 15334000000,
    "sharesOutstanding": 618000000,
    "stockBasedCompensation": 0,
    "ticker": "NVDA",
    "currentAssets": 14393000000,
    "currentLiabilities": 3669000000,
    "sellingGeneralAndAdministrative": 515000000,
    "stockRepurchase": 0
  },
  {
    "assets": 31872597000,
    "totalAssets": 28791000000,
    "cash": 847000000,
    "cashflow": 1576000000,
    "capEx": 298000000,
    "ceo": "Jensen Huang",
    "country": "USA",
    "cogs": 1847000000,
    "date": "2021-01-31",
    "debt": 999000000,
    "depreciationAndAmortization": 288000000,
    "dividendPayout": 99000000,
    "dividendPerShare": 0.1596774193548387,
    "ebit": 1523000000,
    "ebitda": 1811000000,
    "employees": 0,
    "eps": 2.35,
    "exchange": "NASDAQ",
    "fiscalYear": 2021,
    "fiscalQuarter": 2,
    "grossMargin": 63.08215070957426,
    "grossProfit": 3156000000,
    "incomeTax": 13000000,
    "interestExpense": 53000000,
    "netIncome": 1457000000,
    "netMargin": 29.122526484109535,
    "operatingIncome": 1507000000,
    "operatingMargin": 30.121926843893664,
    "researchAndDev": 1146000000,
    "returnOnAssets": 5.0606092181584525,
    "returnOnCapitalEmployed": 6.124829083889648,
    "returnOnEquity": 8.624874208251939,
    "returnOnInvestedCapital": null,
    "revenue": 5003000000,
    "revenueSegments": {
      "products": [
        "Model S/X",
        "Model 3/Y"
      ],
      "productsSold": [
        14517,
        72531
      ]
    },
    "shareholderEquity": 16893000000,
    "sharesOutstanding": 620000000,
    "stockBasedCompensation": 0,
    "ticker": "NVDA",
    "currentAssets": 16055000000,
    "currentLiabilities": 3925000000,
    "sellingGeneralAndAdministrative": 503000000,
    "stockRepurchase": 0
  },
  {
    "assets": 31872597000,
    "totalAssets": 30796000000,
    "cash": 978000000,
    "cashflow": 2499000000,
    "capEx": 183000000,
    "ceo": "Jensen Huang",
    "country": "USA",
    "cogs": 2032000000,
    "date": "2021-05-02",
    "debt": 999000000,
    "depreciationAndAmortization": 281000000,
    "dividendPayout": 100000000,
    "dividendPerShare": 0.1610305958132045,
    "ebit": 2097000000,
    "ebitda": 2378000000,
    "employees": 0,
    "eps": 3.07890499194847,
    "exchange": "NASDAQ",
    "fiscalYear": 2021,
    "fiscalQuarter": 2,
    "grossMargin": 64.10528175234057,
    "grossProfit": 3629000000,
    "incomeTax": 132000000,
    "interestExpense": 53000000,
    "netIncome": 1912000000,
    "netMargin": 33.77495142201025,
    "operatingIncome": 1956000000,
    "operatingMargin": 34.552199258081615,
    "researchAndDev": 1153000000,
    "returnOnAssets": 6.208598519288219,
    "returnOnCapitalEmployed": 7.826963272618692,
    "returnOnEquity": 10.18429743261958,
    "returnOnInvestedCapital": null,
    "revenue": 5661000000,
    "revenueSegments": {
      "products": [
        "Model S/X",
        "Model 3/Y"
      ],
      "productsSold": [
        14517,
        72531
      ]
    },
    "shareholderEquity": 18774000000,
    "sharesOutstanding": 621000000,
    "stockBasedCompensation": 0,
    "ticker": "NVDA",
    "currentAssets": 18127000000,
    "currentLiabilities": 4004000000,
    "sellingGeneralAndAdministrative": 520000000,
    "stockRepurchase": 0
  },
  {
    "assets": 31872597000,
    "totalAssets": 38650000000,
    "cash": 5628000000,
    "cashflow": 1297000000,
    "capEx": 222000000,
    "ceo": "Jensen Huang",
    "country": "USA",
    "cogs": 2292000000,
    "date": "2021-08-01",
    "debt": 1000000000,
    "depreciationAndAmortization": 286000000,
    "dividendPayout": 100000000,
    "dividendPerShare": 0.04011231448054553,
    "ebit": 2454000000,
    "ebitda": 2740000000,
    "employees": 0,
    "eps": 0.9522663457681508,
    "exchange": "NASDAQ",
    "fiscalYear": 2021,
    "fiscalQuarter": 2,
    "grossMargin": 64.77639465191332,
    "grossProfit": 4215000000,
    "incomeTax": 20000000,
    "interestExpense": 60000000,
    "netIncome": 2374000000,
    "netMargin": 36.483786691255574,
    "operatingIncome": 2444000000,
    "operatingMargin": 37.55955125249731,
    "researchAndDev": 1245000000,
    "returnOnAssets": 6.142302716688228,
    "returnOnCapitalEmployed": 7.175019004736565,
    "returnOnEquity": 11.226178654182627,
    "returnOnInvestedCapital": null,
    "revenue": 6507000000,
    "revenueSegments": {
      "products": [
        "Model S/X",
        "Model 3/Y"
      ],
      "productsSold": [
        14517,
        72531
      ]
    },
    "shareholderEquity": 21147000000,
    "sharesOutstanding": 2493000000,
    "stockBasedCompensation": 0,
    "ticker": "NVDA",
    "currentAssets": 25806000000,
    "currentLiabilities": 4448000000,
    "sellingGeneralAndAdministrative": 526000000,
    "stockRepurchase": 0
  },
  {
    "assets": 31872597000,
    "totalAssets": 40632000000,
    "cash": 1288000000,
    "cashflow": 2760000000,
    "capEx": 273000000,
    "ceo": "Jensen Huang",
    "country": "USA",
    "cogs": 2472000000,
    "date": "2021-10-31",
    "debt": 0,
    "depreciationAndAmortization": 143000000,
    "dividendPayout": 101000000,
    "dividendPerShare": 0.040416166466586634,
    "ebit": 2700000000,
    "ebitda": 2843000000,
    "employees": 0,
    "eps": 0.9859943977591037,
    "exchange": "NASDAQ",
    "fiscalYear": 2021,
    "fiscalQuarter": 2,
    "grossMargin": 65.19780374489652,
    "grossProfit": 4631000000,
    "incomeTax": 174000000,
    "interestExpense": 62000000,
    "netIncome": 2464000000,
    "netMargin": 34.68956778825848,
    "operatingIncome": 2671000000,
    "operatingMargin": 37.603829367872734,
    "researchAndDev": 1403000000,
    "returnOnAssets": 6.064185863358929,
    "returnOnCapitalEmployed": 7.293354943273905,
    "returnOnEquity": 10.353811244642406,
    "returnOnInvestedCapital": null,
    "revenue": 7103000000,
    "revenueSegments": {
      "products": [
        "Model S/X",
        "Model 3/Y"
      ],
      "productsSold": [
        14517,
        72531
      ]
    },
    "shareholderEquity": 23798000000,
    "sharesOutstanding": 2499000000,
    "stockBasedCompensation": 0,
    "ticker": "NVDA",
    "currentAssets": 25806000000,
    "currentLiabilities": 3612000000,
    "sellingGeneralAndAdministrative": 557000000,
    "stockRepurchase": 0
  },
  {
    "assets": 31872597000,
    "totalAssets": 44187000000,
    "cash": 1990000000,
    "cashflow": 1370000000,
    "capEx": 361000000,
    "ceo": "Jensen Huang",
    "country": "USA",
    "cogs": 2644000000,
    "date": "2022-01-30",
    "debt": 0,
    "depreciationAndAmortization": 145000000,
    "dividendPayout": 100000000,
    "dividendPerShare": 0.03990422984836393,
    "ebit": 2926000000,
    "ebitda": 3071000000,
    "employees": 0,
    "eps": 1.1983240223463687,
    "exchange": "NASDAQ",
    "fiscalYear": 2022,
    "fiscalQuarter": 2,
    "grossMargin": 65.40625408870862,
    "grossProfit": 4999000000,
    "incomeTax": -138000000,
    "interestExpense": 61000000,
    "netIncome": 3003000000,
    "netMargin": 39.29085437655371,
    "operatingIncome": 2970000000,
    "operatingMargin": 38.85908674604213,
    "researchAndDev": 1466000000,
    "returnOnAssets": 6.796116504854369,
    "returnOnCapitalEmployed": 7.342166014252735,
    "returnOnEquity": 11.284382985119496,
    "returnOnInvestedCapital": null,
    "revenue": 7643000000,
    "revenueSegments": {
      "products": [
        "Model S/X",
        "Model 3/Y"
      ],
      "productsSold": [
        14517,
        72531
      ]
    },
    "shareholderEquity": 26612000000,
    "sharesOutstanding": 2506000000,
    "stockBasedCompensation": 0,
    "ticker": "NVDA",
    "currentAssets": 28829000000,
    "currentLiabilities": 4335000000,
    "sellingGeneralAndAdministrative": 563000000,
    "stockRepurchase": null
  },
  {
    "assets": 31872597000,
    "totalAssets": 45212000000,
    "cash": 3887000000,
    "cashflow": 1370000000,
    "capEx": 361000000,
    "ceo": "Jensen Huang",
    "country": "USA",
    "cogs": 2857000000,
    "date": "2022-05-01",
    "debt": null,
    "depreciationAndAmortization": 155000000,
    "dividendPayout": 100000000,
    "dividendPerShare": 0.03990422984836393,
    "ebit": 1873000000,
    "ebitda": 2027000000,
    "employees": 0,
    "eps": 0.6456504389465283,
    "exchange": "NASDAQ",
    "fiscalYear": 2022,
    "fiscalQuarter": 2,
    "grossMargin": 65.5284749034749,
    "grossProfit": 5431000000,
    "incomeTax": 187000000,
    "interestExpense": 68000000,
    "netIncome": 1618000000,
    "netMargin": 19.522200772200772,
    "operatingIncome": 1868000000,
    "operatingMargin": 22.538610038610038,
    "researchAndDev": 1618000000,
    "returnOnAssets": 3.578695921436786,
    "returnOnCapitalEmployed": 4.723833543505675,
    "returnOnEquity": 6.14741641337386,
    "returnOnInvestedCapital": null,
    "revenue": 8288000000,
    "revenueSegments": {
      "products": [
        "Model S/X",
        "Model 3/Y"
      ],
      "productsSold": [
        14517,
        72531
      ]
    },
    "shareholderEquity": 26320000000,
    "sharesOutstanding": 2506000000,
    "stockBasedCompensation": 0,
    "ticker": "NVDA",
    "currentAssets": 29575000000,
    "currentLiabilities": 5562000000,
    "sellingGeneralAndAdministrative": 592000000,
    "stockRepurchase": 1996000000
  },
  {
    "assets": 31872597000,
    "totalAssets": 43476000000,
    "cash": 3013000000,
    "cashflow": 837000000,
    "capEx": 433000000,
    "ceo": "Jensen Huang",
    "country": "USA",
    "cogs": 570000000,
    "date": "2022-07-31",
    "debt": 1249000000,
    "depreciationAndAmortization": 182000000,
    "dividendPayout": 100000000,
    "dividendPerShare": 0.04008016032064128,
    "ebit": 540000000,
    "ebitda": 722000000,
    "employees": 0,
    "eps": 0.2629258517034068,
    "exchange": "NASDAQ",
    "fiscalYear": 2022,
    "fiscalQuarter": 2,
    "grossMargin": 43.48150357995227,
    "grossProfit": 2915000000,
    "incomeTax": -181000000,
    "interestExpense": 65000000,
    "netIncome": 656000000,
    "netMargin": 9.785202863961814,
    "operatingIncome": 499000000,
    "operatingMargin": 7.443317422434367,
    "researchAndDev": 1824000000,
    "returnOnAssets": 1.5088784616800073,
    "returnOnCapitalEmployed": 1.5040525861348635,
    "returnOnEquity": 2.750408787891493,
    "returnOnInvestedCapital": null,
    "revenue": 6704000000,
    "revenueSegments": {
      "products": [
        "Model S/X",
        "Model 3/Y"
      ],
      "productsSold": [
        14517,
        72531
      ]
    },
    "shareholderEquity": 23851000000,
    "sharesOutstanding": 2495000000,
    "stockBasedCompensation": 0,
    "ticker": "NVDA",
    "currentAssets": 27418000000,
    "currentLiabilities": 7573000000,
    "sellingGeneralAndAdministrative": 592000000,
    "stockRepurchase": 3345000000
  },
  {
    "assets": 31872597000,
    "totalAssets": 40488000000,
    "cash": 2800000000,
    "cashflow": -138000000,
    "capEx": 530000000,
    "ceo": "Jensen Huang",
    "country": "USA",
    "cogs": 2754000000,
    "date": "2022-10-30",
    "debt": 1249000000,
    "depreciationAndAmortization": 181000000,
    "dividendPayout": 100000000,
    "dividendPerShare": 0.04027386226339106,
    "ebit": 678000000,
    "ebitda": 859000000,
    "employees": 0,
    "eps": 0.2738622633910592,
    "exchange": "NASDAQ",
    "fiscalYear": 2022,
    "fiscalQuarter": 2,
    "grossMargin": 53.566009104704094,
    "grossProfit": 3177000000,
    "incomeTax": -67000000,
    "interestExpense": 65000000,
    "netIncome": 680000000,
    "netMargin": 11.4651829371101,
    "operatingIncome": 601000000,
    "operatingMargin": 10.13319844882819,
    "researchAndDev": 1945000000,
    "returnOnAssets": 1.679509978265165,
    "returnOnCapitalEmployed": 2.015877263402016,
    "returnOnEquity": 3.185160897465923,
    "returnOnInvestedCapital": null,
    "revenue": 5931000000,
    "revenueSegments": {
      "products": [
        "Model S/X",
        "Model 3/Y"
      ],
      "productsSold": [
        14517,
        72531
      ]
    },
    "shareholderEquity": 21349000000,
    "sharesOutstanding": 2483000000,
    "stockBasedCompensation": 0,
    "ticker": "NVDA",
    "currentAssets": 23223000000,
    "currentLiabilities": 6855000000,
    "sellingGeneralAndAdministrative": 631000000,
    "stockRepurchase": 3485000000
  },
  {
    "assets": 31872597000,
    "totalAssets": 41182000000,
    "cash": 3389000000,
    "cashflow": 1739000000,
    "capEx": 509000000,
    "ceo": "Jensen Huang",
    "country": "USA",
    "cogs": 2218000000,
    "date": "2023-01-29",
    "debt": 1250000000,
    "depreciationAndAmortization": 556000000,
    "dividendPayout": 98000000,
    "dividendPerShare": 0.039740470397404706,
    "ebit": 1352000000,
    "ebitda": 1908000000,
    "employees": 0,
    "eps": 0.5733982157339822,
    "exchange": "NASDAQ",
    "fiscalYear": 2023,
    "fiscalQuarter": 2,
    "grossMargin": 63.34490166914559,
    "grossProfit": 3833000000,
    "incomeTax": -126000000,
    "interestExpense": 64000000,
    "netIncome": 1414000000,
    "netMargin": 23.36803834077012,
    "operatingIncome": 1256000000,
    "operatingMargin": 20.756899686002313,
    "researchAndDev": 1952000000,
    "returnOnAssets": 3.4335389247729586,
    "returnOnCapitalEmployed": 3.905369883589936,
    "returnOnEquity": 6.397900547486539,
    "returnOnInvestedCapital": null,
    "revenue": 6051000000,
    "revenueSegments": {
      "products": [
        "Model S/X",
        "Model 3/Y"
      ],
      "productsSold": [
        14517,
        72531
      ]
    },
    "shareholderEquity": 22101000000,
    "sharesOutstanding": 2466000000,
    "stockBasedCompensation": 0,
    "ticker": "NVDA",
    "currentAssets": 23073000000,
    "currentLiabilities": 6563000000,
    "sellingGeneralAndAdministrative": 625000000,
    "stockRepurchase": 1213000000
  },
  {
    "assets": 31872597000,
    "totalAssets": 44460000000,
    "cash": 5079000000,
    "cashflow": 2663000000,
    "capEx": 248000000,
    "ceo": "Jensen Huang",
    "country": "USA",
    "cogs": 2544000000,
    "date": "2023-04-30",
    "debt": 1250000000,
    "depreciationAndAmortization": 181000000,
    "dividendPayout": 99000000,
    "dividendPerShare": 0.04008097165991903,
    "ebit": 2275000000,
    "ebitda": 2456000000,
    "employees": 0,
    "eps": 0.8271255060728745,
    "exchange": "NASDAQ",
    "fiscalYear": 2023,
    "fiscalQuarter": 2,
    "grossMargin": 64.62736373748609,
    "grossProfit": 4648000000,
    "incomeTax": 166000000,
    "interestExpense": 66000000,
    "netIncome": 2043000000,
    "netMargin": 28.406562847608452,
    "operatingIncome": 2140000000,
    "operatingMargin": 29.75528364849833,
    "researchAndDev": 1875000000,
    "returnOnAssets": 4.5951417004048585,
    "returnOnCapitalEmployed": 6.115591397849462,
    "returnOnEquity": 8.331973898858076,
    "returnOnInvestedCapital": null,
    "revenue": 7192000000,
    "revenueSegments": {
      "products": [
        "Model S/X",
        "Model 3/Y"
      ],
      "productsSold": [
        14517,
        72531
      ]
    },
    "shareholderEquity": 24520000000,
    "sharesOutstanding": 2470000000,
    "stockBasedCompensation": 0,
    "ticker": "NVDA",
    "currentAssets": 24883000000,
    "currentLiabilities": 7260000000,
    "sellingGeneralAndAdministrative": 633000000,
    "stockRepurchase": 0
  }
]