{
  "id": 7,
  "created_at": "2023-06-20 10:28:35.793852+00",
  "ticker": "amzn",
  "description": "",
  "companyName": "Amazon",
  "ceo": "Andy Jassy",
  "website": "https://www.amazon.com/",
  "fundamentals": [
    {
      "ceo": "Andy Jassy",
      "eps": 5.2,
      "cash": 19823000000,
      "cogs": 30632000000,
      "date": "2018-06-30",
      "debt": 6631000000,
      "ebit": 2951000000,
      "capEx": 3243000000,
      "assets": 31872597000,
      "ebitda": 6578000000,
      "ticker": "AMZN",
      "country": "USA",
      "revenue": 52543000000,
      "cashflow": 4206000000,
      "exchange": "NASDAQ",
      "employees": 0,
      "incomeTax": 74000000,
      "netIncome": 2534000000,
      "netMargin": 4.82,
      "fiscalYear": 2018,
      "grossMargin": 34.07,
      "grossProfit": 17899000000,
      "totalAssets": 134100000000,
      "currentAssets": 54481000000,
      "fiscalQuarter": 2,
      "dividendPayout": null,
      "researchAndDev": 7247000000,
      "returnOnAssets": 1.89,
      "returnOnEquity": "7.24",
      "interestExpense": 343000000,
      "operatingIncome": 2983000000,
      "operatingMargin": 5.68,
      "revenueSegments": {
        "products": [
          "",
          ""
        ],
        "productsSold": [
          0,
          0
        ]
      },
      "stockRepurchase": 0,
      "dividendPerShare": null,
      "shareholderEquity": 34995000000,
      "sharesOutstanding": 487000000,
      "currentLiabilities": 50801000000,
      "stockBasedCompensation": 0,
      "returnOnCapitalEmployed": 3.54,
      "returnOnInvestedCapital": null,
      "depreciationAndAmortization": 3630000000,
      "sellingGeneralAndAdministrative": 4012000000
    },
    {
      "ceo": "Andy Jassy",
      "eps": 5.9,
      "cash": 20425000000,
      "cogs": 33003000000,
      "date": "2018-09-30",
      "debt": 6944000000,
      "ebit": 3749000000,
      "capEx": 3352000000,
      "assets": 31872597000,
      "ebitda": 7526000000,
      "ticker": "AMZN",
      "country": "USA",
      "revenue": 56218000000,
      "cashflow": 5236000000,
      "exchange": "NASDAQ",
      "employees": 0,
      "incomeTax": 508000000,
      "netIncome": 2883000000,
      "netMargin": 5.13,
      "fiscalYear": 2018,
      "grossMargin": 33.57,
      "grossProfit": 18871000000,
      "totalAssets": 143695000000,
      "currentAssets": 59885000000,
      "fiscalQuarter": 2,
      "dividendPayout": null,
      "researchAndDev": 7162000000,
      "returnOnAssets": 2.01,
      "returnOnEquity": "7.37",
      "interestExpense": 358000000,
      "operatingIncome": 3724000000,
      "operatingMargin": 6.62,
      "revenueSegments": {
        "products": [
          "",
          ""
        ],
        "productsSold": [
          0,
          0
        ]
      },
      "stockRepurchase": 0,
      "dividendPerShare": null,
      "shareholderEquity": 39125000000,
      "sharesOutstanding": 489000000,
      "currentLiabilities": 55324000000,
      "stockBasedCompensation": 0,
      "returnOnCapitalEmployed": 4.24,
      "returnOnInvestedCapital": null,
      "depreciationAndAmortization": 3778000000,
      "sellingGeneralAndAdministrative": 4344000000
    },
    {
      "ceo": "Andy Jassy",
      "eps": 6.16,
      "cash": 31750000000,
      "cogs": 44786000000,
      "date": "2018-12-31",
      "debt": 9071000000,
      "ebit": 3741000000,
      "capEx": 3734000000,
      "assets": 31872597000,
      "ebitda": 7999000000,
      "ticker": "AMZN",
      "country": "USA",
      "revenue": 72383000000,
      "cashflow": 12743000000,
      "exchange": "NASDAQ",
      "employees": 0,
      "incomeTax": 327000000,
      "netIncome": 3027000000,
      "netMargin": 4.18,
      "fiscalYear": 2018,
      "grossMargin": 100,
      "grossProfit": 72383000000,
      "totalAssets": 162648000000,
      "currentAssets": 75101000000,
      "fiscalQuarter": 2,
      "dividendPayout": null,
      "researchAndDev": 7669000000,
      "returnOnAssets": 1.86,
      "returnOnEquity": "6.95",
      "interestExpense": 387000000,
      "operatingIncome": 3786000000,
      "operatingMargin": 5.23,
      "revenueSegments": {
        "products": [
          "",
          ""
        ],
        "productsSold": [
          0,
          0
        ]
      },
      "stockRepurchase": 0,
      "dividendPerShare": null,
      "shareholderEquity": 43549000000,
      "sharesOutstanding": 491000000,
      "currentLiabilities": 68391000000,
      "stockBasedCompensation": 0,
      "returnOnCapitalEmployed": 3.97,
      "returnOnInvestedCapital": null,
      "depreciationAndAmortization": 4262000000,
      "sellingGeneralAndAdministrative": 14229000000
    },
    {
      "ceo": "Andy Jassy",
      "eps": 7.24,
      "cash": 23115000000,
      "cogs": 33920000000,
      "date": "2019-03-31",
      "debt": 1608000000,
      "ebit": 4763000000,
      "capEx": 3290000000,
      "assets": 31872597000,
      "ebitda": 7070000000,
      "ticker": "AMZN",
      "country": "USA",
      "revenue": 59339000000,
      "cashflow": -1444000000,
      "exchange": "NASDAQ",
      "employees": 0,
      "incomeTax": 836000000,
      "netIncome": 3561000000,
      "netMargin": 6,
      "fiscalYear": 2019,
      "grossMargin": 34.69,
      "grossProfit": 20582000000,
      "totalAssets": 178102000000,
      "currentAssets": 69431000000,
      "fiscalQuarter": 2,
      "dividendPayout": null,
      "researchAndDev": 7927000000,
      "returnOnAssets": 2,
      "returnOnEquity": "7.36",
      "interestExpense": 366000000,
      "operatingIncome": 4420000000,
      "operatingMargin": 7.45,
      "revenueSegments": {
        "products": [
          "",
          ""
        ],
        "productsSold": [
          0,
          0
        ]
      },
      "stockRepurchase": 0,
      "dividendPerShare": null,
      "shareholderEquity": 48410000000,
      "sharesOutstanding": 492000000,
      "currentLiabilities": 63695000000,
      "stockBasedCompensation": 0,
      "returnOnCapitalEmployed": 4.16,
      "returnOnInvestedCapital": 1886.32,
      "depreciationAndAmortization": 2307000000,
      "sellingGeneralAndAdministrative": 4837000000
    },
    {
      "ceo": "Andy Jassy",
      "eps": 5.31,
      "cash": 22616000000,
      "cogs": 36337000000,
      "date": "2019-06-30",
      "debt": 13151000000,
      "ebit": 3265000000,
      "capEx": 3562000000,
      "assets": 31872597000,
      "ebitda": 5667000000,
      "ticker": "AMZN",
      "country": "USA",
      "revenue": 63021000000,
      "cashflow": 5556000000,
      "exchange": "NASDAQ",
      "employees": 0,
      "incomeTax": 257000000,
      "netIncome": 2625000000,
      "netMargin": 4.17,
      "fiscalYear": 2019,
      "grossMargin": 29.71,
      "grossProfit": 18721000000,
      "totalAssets": 191351000000,
      "currentAssets": 76790000000,
      "fiscalQuarter": 2,
      "dividendPayout": null,
      "researchAndDev": 9065000000,
      "returnOnAssets": 1.37,
      "returnOnEquity": "4.95",
      "interestExpense": 383000000,
      "operatingIncome": 3084000000,
      "operatingMargin": 4.89,
      "revenueSegments": {
        "products": [
          "",
          ""
        ],
        "productsSold": [
          0,
          0
        ]
      },
      "stockRepurchase": 0,
      "dividendPerShare": null,
      "shareholderEquity": 53061000000,
      "sharesOutstanding": 494000000,
      "currentLiabilities": 69678000000,
      "stockBasedCompensation": 0,
      "returnOnCapitalEmployed": 2.68,
      "returnOnInvestedCapital": 998.94,
      "depreciationAndAmortization": 2402000000,
      "sellingGeneralAndAdministrative": 5561000000
    },
    {
      "ceo": "Andy Jassy",
      "eps": 4.31,
      "cash": 23255000000,
      "cogs": 41302000000,
      "date": "2019-09-30",
      "debt": 15061000000,
      "ebit": 3024000000,
      "capEx": 4697000000,
      "assets": 31872597000,
      "ebitda": 5633000000,
      "ticker": "AMZN",
      "country": "USA",
      "revenue": 69585000000,
      "cashflow": 3195000000,
      "exchange": "NASDAQ",
      "employees": 0,
      "incomeTax": 494000000,
      "netIncome": 2134000000,
      "netMargin": 3.07,
      "fiscalYear": 2019,
      "grossMargin": 28.13,
      "grossProfit": 19574000000,
      "totalAssets": 199099000000,
      "currentAssets": 79054000000,
      "fiscalQuarter": 2,
      "dividendPayout": null,
      "researchAndDev": 9200000000,
      "returnOnAssets": 1.07,
      "returnOnEquity": "3.78",
      "interestExpense": 396000000,
      "operatingIncome": 3157000000,
      "operatingMargin": 4.54,
      "revenueSegments": {
        "products": [
          "",
          ""
        ],
        "productsSold": [
          0,
          0
        ]
      },
      "stockRepurchase": 0,
      "dividendPerShare": null,
      "shareholderEquity": 56508000000,
      "sharesOutstanding": 495000000,
      "currentLiabilities": 72136000000,
      "stockBasedCompensation": 0,
      "returnOnCapitalEmployed": 2.38,
      "returnOnInvestedCapital": 379.34,
      "depreciationAndAmortization": 2609000000,
      "sellingGeneralAndAdministrative": 6100000000
    },
    {
      "ceo": "Andy Jassy",
      "eps": 6.56,
      "cash": 36092000000,
      "cogs": 53977000000,
      "date": "2019-12-31",
      "debt": 14330000000,
      "ebit": 4509000000,
      "capEx": 5312000000,
      "assets": 31872597000,
      "ebitda": 7849000000,
      "ticker": "AMZN",
      "country": "USA",
      "revenue": 87437000000,
      "cashflow": 14347000000,
      "exchange": "NASDAQ",
      "employees": 0,
      "incomeTax": 786000000,
      "netIncome": 3268000000,
      "netMargin": 3.74,
      "fiscalYear": 2019,
      "grossMargin": 100,
      "grossProfit": 87437000000,
      "totalAssets": 225248000000,
      "currentAssets": 96334000000,
      "fiscalQuarter": 2,
      "dividendPayout": null,
      "researchAndDev": 9740000000,
      "returnOnAssets": 1.45,
      "returnOnEquity": "5.27",
      "interestExpense": 455000000,
      "operatingIncome": 3879000000,
      "operatingMargin": 4.44,
      "revenueSegments": {
        "products": [
          "",
          ""
        ],
        "productsSold": [
          0,
          0
        ]
      },
      "stockRepurchase": 0,
      "dividendPerShare": null,
      "shareholderEquity": 62060000000,
      "sharesOutstanding": 498000000,
      "currentLiabilities": 87812000000,
      "stockBasedCompensation": 0,
      "returnOnCapitalEmployed": 3.28,
      "returnOnInvestedCapital": 281.69,
      "depreciationAndAmortization": 3340000000,
      "sellingGeneralAndAdministrative": 18583000000
    },
    {
      "ceo": "Andy Jassy",
      "eps": 5.08,
      "cash": 27201000000,
      "cogs": 44257000000,
      "date": "2020-03-31",
      "debt": 14414000000,
      "ebit": 3681000000,
      "capEx": 6795000000,
      "assets": 31872597000,
      "ebitda": 5575000000,
      "ticker": "AMZN",
      "country": "USA",
      "revenue": 75050000000,
      "cashflow": -3731000000,
      "exchange": "NASDAQ",
      "employees": 0,
      "incomeTax": 744000000,
      "netIncome": 2535000000,
      "netMargin": 3.38,
      "fiscalYear": 2020,
      "grossMargin": 30.14,
      "grossProfit": 22619000000,
      "totalAssets": 221238000000,
      "currentAssets": 85985000000,
      "fiscalQuarter": 2,
      "dividendPayout": null,
      "researchAndDev": 9325000000,
      "returnOnAssets": 1.15,
      "returnOnEquity": "3.88",
      "interestExpense": 402000000,
      "operatingIncome": 3989000000,
      "operatingMargin": 5.32,
      "revenueSegments": {
        "products": [
          "",
          ""
        ],
        "productsSold": [
          0,
          0
        ]
      },
      "stockRepurchase": 0,
      "dividendPerShare": null,
      "shareholderEquity": 65272000000,
      "sharesOutstanding": 499000000,
      "currentLiabilities": 79711000000,
      "stockBasedCompensation": 0,
      "returnOnCapitalEmployed": 2.6,
      "returnOnInvestedCapital": 468.25,
      "depreciationAndAmortization": 1894000000,
      "sellingGeneralAndAdministrative": 6280000000
    },
    {
      "ceo": "Andy Jassy",
      "eps": 10.47,
      "cash": 37466000000,
      "cogs": 52660000000,
      "date": "2020-06-30",
      "debt": 11215000000,
      "ebit": 6630000000,
      "capEx": 7459000000,
      "assets": 31872597000,
      "ebitda": 8659000000,
      "ticker": "AMZN",
      "country": "USA",
      "revenue": 88509000000,
      "cashflow": 13147000000,
      "exchange": "NASDAQ",
      "employees": 0,
      "incomeTax": 984000000,
      "netIncome": 5243000000,
      "netMargin": 5.92,
      "fiscalYear": 2020,
      "grossMargin": 31.52,
      "grossProfit": 27895000000,
      "totalAssets": 258314000000,
      "currentAssets": 110908000000,
      "fiscalQuarter": 2,
      "dividendPayout": null,
      "researchAndDev": 10388000000,
      "returnOnAssets": 2.03,
      "returnOnEquity": "7.11",
      "interestExpense": 403000000,
      "operatingIncome": 5843000000,
      "operatingMargin": 6.6,
      "revenueSegments": {
        "products": [
          "",
          ""
        ],
        "productsSold": [
          0,
          0
        ]
      },
      "stockRepurchase": 0,
      "dividendPerShare": null,
      "shareholderEquity": 73728000000,
      "sharesOutstanding": 501000000,
      "currentLiabilities": 93896000000,
      "stockBasedCompensation": 0,
      "returnOnCapitalEmployed": 4.03,
      "returnOnInvestedCapital": 48.99,
      "depreciationAndAmortization": 2029000000,
      "sellingGeneralAndAdministrative": 5925000000
    },
    {
      "ceo": "Andy Jassy",
      "eps": 12.61,
      "cash": 29930000000,
      "cogs": 57106000000,
      "date": "2020-09-30",
      "debt": 10415000000,
      "ebit": 7328000000,
      "capEx": 11063000000,
      "assets": 31872597000,
      "ebitda": 9528000000,
      "ticker": "AMZN",
      "country": "USA",
      "revenue": 95717000000,
      "cashflow": 901000000,
      "exchange": "NASDAQ",
      "employees": 0,
      "incomeTax": 569000000,
      "netIncome": 6331000000,
      "netMargin": 6.61,
      "fiscalYear": 2020,
      "grossMargin": 30.62,
      "grossProfit": 29309000000,
      "totalAssets": 282179000000,
      "currentAssets": 112969000000,
      "fiscalQuarter": 2,
      "dividendPayout": null,
      "researchAndDev": 10976000000,
      "returnOnAssets": 2.24,
      "returnOnEquity": "7.65",
      "interestExpense": 428000000,
      "operatingIncome": 6194000000,
      "operatingMargin": 6.47,
      "revenueSegments": {
        "products": [
          "",
          ""
        ],
        "productsSold": [
          0,
          0
        ]
      },
      "stockRepurchase": 0,
      "dividendPerShare": null,
      "shareholderEquity": 82775000000,
      "sharesOutstanding": 502000000,
      "currentLiabilities": 101912000000,
      "stockBasedCompensation": 0,
      "returnOnCapitalEmployed": 4.07,
      "returnOnInvestedCapital": null,
      "depreciationAndAmortization": 2200000000,
      "sellingGeneralAndAdministrative": 7102000000
    },
    {
      "ceo": "Andy Jassy",
      "eps": 14.36,
      "cash": 42122000000,
      "cogs": 79284000000,
      "date": "2020-12-31",
      "debt": 11529000000,
      "ebit": 8202000000,
      "capEx": 14823000000,
      "assets": 31872597000,
      "ebitda": 11088000000,
      "ticker": "AMZN",
      "country": "USA",
      "revenue": 125555000000,
      "cashflow": 15608000000,
      "exchange": "NASDAQ",
      "employees": 0,
      "incomeTax": 566000000,
      "netIncome": 7222000000,
      "netMargin": 5.75,
      "fiscalYear": 2020,
      "grossMargin": 100,
      "grossProfit": 125555000000,
      "totalAssets": 321195000000,
      "currentAssets": 132733000000,
      "fiscalQuarter": 2,
      "dividendPayout": null,
      "researchAndDev": 12049000000,
      "returnOnAssets": 2.25,
      "returnOnEquity": "7.73",
      "interestExpense": 414000000,
      "operatingIncome": 6873000000,
      "operatingMargin": 5.47,
      "revenueSegments": {
        "products": [
          "",
          ""
        ],
        "productsSold": [
          0,
          0
        ]
      },
      "stockRepurchase": 0,
      "dividendPerShare": null,
      "shareholderEquity": 93404000000,
      "sharesOutstanding": 503000000,
      "currentLiabilities": 126385000000,
      "stockBasedCompensation": 0,
      "returnOnCapitalEmployed": 4.21,
      "returnOnInvestedCapital": 1187.76,
      "depreciationAndAmortization": 2886000000,
      "sellingGeneralAndAdministrative": 20271000000
    },
    {
      "ceo": "Andy Jassy",
      "eps": 16.09,
      "cash": 33834000000,
      "cogs": 62403000000,
      "date": "2021-03-31",
      "debt": 11018000000,
      "ebit": 10662000000,
      "capEx": 12082000000,
      "assets": 31872597000,
      "ebitda": 13118000000,
      "ticker": "AMZN",
      "country": "USA",
      "revenue": 108088000000,
      "cashflow": -7869000000,
      "exchange": "NASDAQ",
      "employees": 0,
      "incomeTax": 2156000000,
      "netIncome": 8107000000,
      "netMargin": 7.5,
      "fiscalYear": 2021,
      "grossMargin": 32.41,
      "grossProfit": 35035000000,
      "totalAssets": 323077000000,
      "currentAssets": 121408000000,
      "fiscalQuarter": 2,
      "dividendPayout": null,
      "researchAndDev": 12488000000,
      "returnOnAssets": 2.51,
      "returnOnEquity": "7.85",
      "interestExpense": 399000000,
      "operatingIncome": 8865000000,
      "operatingMargin": 8.2,
      "revenueSegments": {
        "products": [
          "",
          ""
        ],
        "productsSold": [
          0,
          0
        ]
      },
      "stockRepurchase": 0,
      "dividendPerShare": null,
      "shareholderEquity": 103320000000,
      "sharesOutstanding": 504000000,
      "currentLiabilities": 115404000000,
      "stockBasedCompensation": 0,
      "returnOnCapitalEmployed": 5.13,
      "returnOnInvestedCapital": 6044.14,
      "depreciationAndAmortization": 2456000000,
      "sellingGeneralAndAdministrative": 8194000000
    },
    {
      "ceo": "Andy Jassy",
      "eps": 15.37,
      "cash": 40380000000,
      "cogs": 64176000000,
      "date": "2021-06-30",
      "debt": 10600000000,
      "ebit": 9081000000,
      "capEx": 14288000000,
      "assets": 31872597000,
      "ebitda": 11570000000,
      "ticker": "AMZN",
      "country": "USA",
      "revenue": 112755000000,
      "cashflow": -1573000000,
      "exchange": "NASDAQ",
      "employees": 0,
      "incomeTax": 868000000,
      "netIncome": 7778000000,
      "netMargin": 6.9,
      "fiscalYear": 2021,
      "grossMargin": 32.29,
      "grossProfit": 36408000000,
      "totalAssets": 360319000000,
      "currentAssets": 140848000000,
      "fiscalQuarter": 2,
      "dividendPayout": null,
      "researchAndDev": 13871000000,
      "returnOnAssets": 2.16,
      "returnOnEquity": "6.78",
      "interestExpense": 435000000,
      "operatingIncome": 7702000000,
      "operatingMargin": 6.83,
      "revenueSegments": {
        "products": [
          "",
          ""
        ],
        "productsSold": [
          0,
          0
        ]
      },
      "stockRepurchase": 0,
      "dividendPerShare": null,
      "shareholderEquity": 114803000000,
      "sharesOutstanding": 506000000,
      "currentLiabilities": 117792000000,
      "stockBasedCompensation": 0,
      "returnOnCapitalEmployed": 3.74,
      "returnOnInvestedCapital": 36.91,
      "depreciationAndAmortization": 2489000000,
      "sellingGeneralAndAdministrative": 9682000000
    },
    {
      "ceo": "Andy Jassy",
      "eps": 6.22,
      "cash": 29944000000,
      "cogs": 62930000000,
      "date": "2021-09-30",
      "debt": 9712000000,
      "ebit": 4804000000,
      "capEx": 15748000000,
      "assets": 31872597000,
      "ebitda": 7301000000,
      "ticker": "AMZN",
      "country": "USA",
      "revenue": 110212000000,
      "cashflow": -8435000000,
      "exchange": "NASDAQ",
      "employees": 0,
      "incomeTax": 1155000000,
      "netIncome": 3156000000,
      "netMargin": 2.86,
      "fiscalYear": 2021,
      "grossMargin": 31.41,
      "grossProfit": 34622000000,
      "totalAssets": 382406000000,
      "currentAssets": 138531000000,
      "fiscalQuarter": 2,
      "dividendPayout": null,
      "researchAndDev": 14380000000,
      "returnOnAssets": 0.83,
      "returnOnEquity": "2.62",
      "interestExpense": 493000000,
      "operatingIncome": 4852000000,
      "operatingMargin": 4.4,
      "revenueSegments": {
        "products": [
          "",
          ""
        ],
        "productsSold": [
          0,
          0
        ]
      },
      "stockRepurchase": 0,
      "dividendPerShare": null,
      "shareholderEquity": 120564000000,
      "sharesOutstanding": 507000000,
      "currentLiabilities": 123994000000,
      "stockBasedCompensation": 0,
      "returnOnCapitalEmployed": 1.86,
      "returnOnInvestedCapital": 2100.57,
      "depreciationAndAmortization": 2497000000,
      "sellingGeneralAndAdministrative": 10163000000
    },
    {
      "ceo": "Andy Jassy",
      "eps": 28.14,
      "cash": 36220000000,
      "cogs": 82835000000,
      "date": "2021-12-31",
      "debt": 9574000000,
      "ebit": 15417000000,
      "capEx": 18935000000,
      "assets": 31872597000,
      "ebitda": 18387000000,
      "ticker": "AMZN",
      "country": "USA",
      "revenue": 136903000000,
      "cashflow": 3151000000,
      "exchange": "NASDAQ",
      "employees": 0,
      "incomeTax": 612000000,
      "netIncome": 14323000000,
      "netMargin": 10.46,
      "fiscalYear": 2021,
      "grossMargin": 15.24,
      "grossProfit": 20863000000,
      "totalAssets": 420549000000,
      "currentAssets": 161580000000,
      "fiscalQuarter": 2,
      "dividendPayout": null,
      "researchAndDev": 15313000000,
      "returnOnAssets": 3.41,
      "returnOnEquity": "10.36",
      "interestExpense": 482000000,
      "operatingIncome": 3460000000,
      "operatingMargin": 2.53,
      "revenueSegments": {
        "products": [
          "",
          ""
        ],
        "productsSold": [
          0,
          0
        ]
      },
      "stockRepurchase": 0,
      "dividendPerShare": null,
      "shareholderEquity": 138245000000,
      "sharesOutstanding": 509000000,
      "currentLiabilities": 142266000000,
      "stockBasedCompensation": 0,
      "returnOnCapitalEmployed": 5.54,
      "returnOnInvestedCapital": 1424.16,
      "depreciationAndAmortization": 2970000000,
      "sellingGeneralAndAdministrative": 30235000000
    },
    {
      "ceo": "Andy Jassy",
      "eps": -7.55,
      "cash": 36393000000,
      "cogs": 66499000000,
      "date": "2022-03-31",
      "debt": 9523000000,
      "ebit": -4794000000,
      "capEx": 14951000000,
      "assets": 31872597000,
      "ebitda": -3234000000,
      "ticker": "AMZN",
      "country": "USA",
      "revenue": 115986000000,
      "cashflow": -17741000000,
      "exchange": "NASDAQ",
      "employees": 0,
      "incomeTax": -1422000000,
      "netIncome": -3844000000,
      "netMargin": -3.31,
      "fiscalYear": 2022,
      "grossMargin": 31.91,
      "grossProfit": 37013000000,
      "totalAssets": 410767000000,
      "currentAssets": 133876000000,
      "fiscalQuarter": 2,
      "dividendPayout": null,
      "researchAndDev": 14842000000,
      "returnOnAssets": -0.94,
      "returnOnEquity": "-2.87",
      "interestExpense": 472000000,
      "operatingIncome": 3669000000,
      "operatingMargin": 3.16,
      "revenueSegments": {
        "products": [
          "",
          ""
        ],
        "productsSold": [
          0,
          0
        ]
      },
      "stockRepurchase": 2666000000,
      "dividendPerShare": null,
      "shareholderEquity": 134001000000,
      "sharesOutstanding": 509000000,
      "currentLiabilities": 139508000000,
      "stockBasedCompensation": 0,
      "returnOnCapitalEmployed": -1.77,
      "returnOnInvestedCapital": null,
      "depreciationAndAmortization": 1560000000,
      "sellingGeneralAndAdministrative": 10914000000
    },
    {
      "ceo": "Andy Jassy",
      "eps": -0.2,
      "cash": 37478000000,
      "cogs": 66424000000,
      "date": "2022-06-30",
      "debt": 11025000000,
      "ebit": -2081000000,
      "capEx": 15724000000,
      "assets": 31872597000,
      "ebitda": -551000000,
      "ticker": "AMZN",
      "country": "USA",
      "revenue": 120533000000,
      "cashflow": -6759000000,
      "exchange": "NASDAQ",
      "employees": 0,
      "incomeTax": -637000000,
      "netIncome": -2028000000,
      "netMargin": -1.68,
      "fiscalYear": 2022,
      "grossMargin": 32.85,
      "grossProfit": 39590000000,
      "totalAssets": 419728000000,
      "currentAssets": 133667000000,
      "fiscalQuarter": 2,
      "dividendPayout": null,
      "researchAndDev": 18072000000,
      "returnOnAssets": -0.48,
      "returnOnEquity": "-1.54",
      "interestExpense": 584000000,
      "operatingIncome": 3317000000,
      "operatingMargin": 2.75,
      "revenueSegments": {
        "products": [
          "",
          ""
        ],
        "productsSold": [
          0,
          0
        ]
      },
      "stockRepurchase": 3334000000,
      "dividendPerShare": null,
      "shareholderEquity": 131402000000,
      "sharesOutstanding": 10183000000,
      "currentLiabilities": 140291000000,
      "stockBasedCompensation": 0,
      "returnOnCapitalEmployed": -0.74,
      "returnOnInvestedCapital": 30.83,
      "depreciationAndAmortization": 1530000000,
      "sellingGeneralAndAdministrative": 12989000000
    },
    {
      "ceo": "Andy Jassy",
      "eps": 0.28,
      "cash": 34947000000,
      "cogs": 70268000000,
      "date": "2022-09-30",
      "debt": 10383000000,
      "ebit": 3558000000,
      "capEx": 16378000000,
      "assets": 31872597000,
      "ebitda": 5054000000,
      "ticker": "AMZN",
      "country": "USA",
      "revenue": 126381000000,
      "cashflow": -4974000000,
      "exchange": "NASDAQ",
      "employees": 0,
      "incomeTax": 69000000,
      "netIncome": 2872000000,
      "netMargin": 2.27,
      "fiscalYear": 2022,
      "grossMargin": 32.08,
      "grossProfit": 40542000000,
      "totalAssets": 428362000000,
      "currentAssets": 131463000000,
      "fiscalQuarter": 2,
      "dividendPayout": null,
      "researchAndDev": 19485000000,
      "returnOnAssets": 0.67,
      "returnOnEquity": "2.09",
      "interestExpense": 617000000,
      "operatingIncome": 2525000000,
      "operatingMargin": 2,
      "revenueSegments": {
        "products": [
          "",
          ""
        ],
        "productsSold": [
          0,
          0
        ]
      },
      "stockRepurchase": 0,
      "dividendPerShare": null,
      "shareholderEquity": 137489000000,
      "sharesOutstanding": 10198000000,
      "currentLiabilities": 140363000000,
      "stockBasedCompensation": 0,
      "returnOnCapitalEmployed": 1.24,
      "returnOnInvestedCapital": 2295.33,
      "depreciationAndAmortization": 1496000000,
      "sellingGeneralAndAdministrative": 14075000000
    },
    {
      "ceo": "Andy Jassy",
      "eps": 0.03,
      "cash": 53888000000,
      "cogs": 85640000000,
      "date": "2022-12-31",
      "debt": 7396000000,
      "ebit": -255000000,
      "capEx": 16592000000,
      "assets": 31872597000,
      "ebitda": 1863000000,
      "ticker": "AMZN",
      "country": "USA",
      "revenue": 148376000000,
      "cashflow": 12581000000,
      "exchange": "NASDAQ",
      "employees": 0,
      "incomeTax": -1227000000,
      "netIncome": 278000000,
      "netMargin": 0.19,
      "fiscalYear": 2022,
      "grossMargin": -0.92,
      "grossProfit": -1360000000,
      "totalAssets": 462675000000,
      "currentAssets": 146791000000,
      "fiscalQuarter": 2,
      "dividendPayout": null,
      "researchAndDev": 3653000000,
      "returnOnAssets": 0.06,
      "returnOnEquity": "0.19",
      "interestExpense": 694000000,
      "operatingIncome": 2737000000,
      "operatingMargin": 1.84,
      "revenueSegments": {
        "products": [
          "",
          ""
        ],
        "productsSold": [
          0,
          0
        ]
      },
      "stockRepurchase": 0,
      "dividendPerShare": null,
      "shareholderEquity": 146043000000,
      "sharesOutstanding": 10242000000,
      "currentLiabilities": 155393000000,
      "stockBasedCompensation": 0,
      "returnOnCapitalEmployed": -0.08,
      "returnOnInvestedCapital": 48.14,
      "depreciationAndAmortization": 2118000000,
      "sellingGeneralAndAdministrative": 36751000000
    },
    {
      "ceo": "Andy Jassy",
      "eps": 0.31,
      "cash": 49343000000,
      "cogs": 67791000000,
      "date": "2023-03-31",
      "debt": 6776000000,
      "ebit": 4943000000,
      "capEx": 14207000000,
      "assets": 31872597000,
      "ebitda": 6489000000,
      "ticker": "AMZN",
      "country": "USA",
      "revenue": 126605000000,
      "cashflow": -9419000000,
      "exchange": "NASDAQ",
      "employees": 0,
      "incomeTax": 948000000,
      "netIncome": 3172000000,
      "netMargin": 2.51,
      "fiscalYear": 2023,
      "grossMargin": 34.28,
      "grossProfit": 43403000000,
      "totalAssets": 464378000000,
      "currentAssets": 136221000000,
      "fiscalQuarter": 2,
      "dividendPayout": null,
      "researchAndDev": 14842000000,
      "returnOnAssets": 0.68,
      "returnOnEquity": "2.05",
      "interestExpense": 823000000,
      "operatingIncome": 4774000000,
      "operatingMargin": 3.77,
      "revenueSegments": {
        "products": [
          "",
          ""
        ],
        "productsSold": [
          0,
          0
        ]
      },
      "stockRepurchase": 0,
      "dividendPerShare": null,
      "shareholderEquity": 154526000000,
      "sharesOutstanding": 10258000000,
      "currentLiabilities": 147570000000,
      "stockBasedCompensation": 0,
      "returnOnCapitalEmployed": 1.56,
      "returnOnInvestedCapital": null,
      "depreciationAndAmortization": 1546000000,
      "sellingGeneralAndAdministrative": 13215000000
    }
  ],
  "fundamentalsAnno": [
    {
      "ceo": "Andy Jassy",
      "eps": 2.05,
      "cash": 31750000000,
      "cogs": 139156000000,
      "date": "2018-12-31",
      "debt": 9071000000,
      "ebit": 12687000000,
      "capEx": 13427000000,
      "assets": 31872597000,
      "ebitda": 13162000000,
      "ticker": "AMZN",
      "country": "USA",
      "revenue": 231264000000,
      "cashflow": 17296000000,
      "exchange": "NASDAQ",
      "employees": 650000,
      "incomeTax": 1197000000,
      "netIncome": 10073000000,
      "netMargin": 4.36,
      "fiscalYear": 2018,
      "grossMargin": 28.23,
      "grossProfit": 65283000000,
      "totalAssets": 162648000000,
      "currentAssets": 75101000000,
      "fiscalQuarter": 4,
      "dividendPayout": null,
      "researchAndDev": 28837000000,
      "returnOnAssets": 6.19,
      "returnOnEquity": 23.13,
      "interestExpense": 1417000000,
      "operatingIncome": 12421000000,
      "operatingMargin": 5.37,
      "revenueSegments": {
        "products": [
          "North America",
          "International",
          "AWS"
        ],
        "productsSold": [
          141366000000,
          65866000000,
          25655000000
        ]
      },
      "stockRepurchase": null,
      "dividendPerShare": null,
      "shareholderEquity": 43549000000,
      "sharesOutstanding": 491000000,
      "currentLiabilities": 68391000000,
      "stockBasedCompensation": 5418000000,
      "returnOnCapitalEmployed": 13.46,
      "returnOnInvestedCapital": 1461.46,
      "depreciationAndAmortization": 475000000,
      "sellingGeneralAndAdministrative": 26350000000
    },
    {
      "ceo": "Andy Jassy",
      "eps": 2.32,
      "cash": 36092000000,
      "cogs": 165536000000,
      "date": "2019-12-31",
      "debt": 14330000000,
      "ebit": 15588000000,
      "capEx": 16861000000,
      "assets": 31872597000,
      "ebitda": 26247000000,
      "ticker": "AMZN",
      "country": "USA",
      "revenue": 278902000000,
      "cashflow": 21653000000,
      "exchange": "NASDAQ",
      "employees": 800000,
      "incomeTax": 2400000000,
      "netIncome": 11588000000,
      "netMargin": 4.15,
      "fiscalYear": 2019,
      "grossMargin": 24.25,
      "grossProfit": 67626000000,
      "totalAssets": 225248000000,
      "currentAssets": 96334000000,
      "fiscalQuarter": 4,
      "dividendPayout": null,
      "researchAndDev": 35931000000,
      "returnOnAssets": 5.14,
      "returnOnEquity": 18.67,
      "interestExpense": 1600000000,
      "operatingIncome": 14541000000,
      "operatingMargin": 5.21,
      "revenueSegments": {
        "products": [
          "North America",
          "International",
          "AWS"
        ],
        "productsSold": [
          170773000000,
          74723000000,
          35026000000
        ]
      },
      "stockRepurchase": null,
      "dividendPerShare": null,
      "shareholderEquity": 62060000000,
      "sharesOutstanding": 498000000,
      "currentLiabilities": 87812000000,
      "stockBasedCompensation": 6864000000,
      "returnOnCapitalEmployed": 11.34,
      "returnOnInvestedCapital": 534.14,
      "depreciationAndAmortization": 10659000000,
      "sellingGeneralAndAdministrative": 35081000000
    },
    {
      "ceo": "Andy Jassy",
      "eps": 4.24,
      "cash": 42122000000,
      "cogs": 233307000000,
      "date": "2020-12-31",
      "debt": 11529000000,
      "ebit": 25841000000,
      "capEx": 40140000000,
      "assets": 31872597000,
      "ebitda": 34850000000,
      "ticker": "AMZN",
      "country": "USA",
      "revenue": 384452000000,
      "cashflow": 25924000000,
      "exchange": "NASDAQ",
      "employees": 1300000,
      "incomeTax": 2863000000,
      "netIncome": 21331000000,
      "netMargin": 5.55,
      "fiscalYear": 2020,
      "grossMargin": 26.68,
      "grossProfit": 102560000000,
      "totalAssets": 321195000000,
      "currentAssets": 132733000000,
      "fiscalQuarter": 4,
      "dividendPayout": null,
      "researchAndDev": 42740000000,
      "returnOnAssets": 6.64,
      "returnOnEquity": 22.84,
      "interestExpense": 1647000000,
      "operatingIncome": 22899000000,
      "operatingMargin": 5.96,
      "revenueSegments": {
        "products": [
          "North America",
          "International",
          "AWS"
        ],
        "productsSold": [
          236282000000,
          104412000000,
          45370000000
        ]
      },
      "stockRepurchase": 0,
      "dividendPerShare": null,
      "shareholderEquity": 93404000000,
      "sharesOutstanding": 503000000,
      "currentLiabilities": 126385000000,
      "stockBasedCompensation": 9208000000,
      "returnOnCapitalEmployed": 13.26,
      "returnOnInvestedCapital": 190.37,
      "depreciationAndAmortization": 9009000000,
      "sellingGeneralAndAdministrative": 39576000000
    },
    {
      "ceo": "Andy Jassy",
      "eps": 6.55,
      "cash": 36220000000,
      "cogs": 272344000000,
      "date": "2021-12-31",
      "debt": 9574000000,
      "ebit": 39964000000,
      "capEx": 61053000000,
      "assets": 31872597000,
      "ebitda": 50376000000,
      "ticker": "AMZN",
      "country": "USA",
      "revenue": 467958000000,
      "cashflow": -14726000000,
      "exchange": "NASDAQ",
      "employees": 1600000,
      "incomeTax": 4791000000,
      "netIncome": 33364000000,
      "netMargin": 7.13,
      "fiscalYear": 2021,
      "grossMargin": 27.12,
      "grossProfit": 126928000000,
      "totalAssets": 420549000000,
      "currentAssets": 161580000000,
      "fiscalQuarter": 4,
      "dividendPayout": null,
      "researchAndDev": 56052000000,
      "returnOnAssets": 7.93,
      "returnOnEquity": 24.13,
      "interestExpense": 1809000000,
      "operatingIncome": 24879000000,
      "operatingMargin": 5.32,
      "revenueSegments": {
        "products": [
          "North America",
          "International",
          "AWS"
        ],
        "productsSold": [
          279833000000,
          127787000000,
          62202000000
        ]
      },
      "stockRepurchase": 0,
      "dividendPerShare": null,
      "shareholderEquity": 138245000000,
      "sharesOutstanding": 509000000,
      "currentLiabilities": 142266000000,
      "stockBasedCompensation": 12757000000,
      "returnOnCapitalEmployed": 14.36,
      "returnOnInvestedCapital": 105.71,
      "depreciationAndAmortization": 10412000000,
      "sellingGeneralAndAdministrative": 58274000000
    },
    {
      "ceo": "Andy Jassy",
      "eps": -0.27,
      "cash": 53888000000,
      "cogs": 288831000000,
      "date": "2022-12-31",
      "debt": 7396000000,
      "ebit": -3572000000,
      "capEx": 63645000000,
      "assets": 31872597000,
      "ebitda": 3132000000,
      "ticker": "AMZN",
      "country": "USA",
      "revenue": 511276000000,
      "cashflow": -16893000000,
      "exchange": "NASDAQ",
      "employees": 1540000,
      "incomeTax": -3217000000,
      "netIncome": -2722000000,
      "netMargin": -0.53,
      "fiscalYear": 2022,
      "grossMargin": 27.22,
      "grossProfit": 139192000000,
      "totalAssets": 462675000000,
      "currentAssets": 146791000000,
      "fiscalQuarter": 4,
      "dividendPayout": null,
      "researchAndDev": 56052000000,
      "returnOnAssets": -0.59,
      "returnOnEquity": -1.86,
      "interestExpense": 2367000000,
      "operatingIncome": 12248000000,
      "operatingMargin": 2.4,
      "revenueSegments": {
        "products": [
          "North America",
          "International",
          "AWS"
        ],
        "productsSold": [
          315880000000,
          118007000000,
          80096000000
        ]
      },
      "stockRepurchase": 6000000000,
      "dividendPerShare": null,
      "shareholderEquity": 146043000000,
      "sharesOutstanding": 10242000000,
      "currentLiabilities": 155393000000,
      "stockBasedCompensation": 19621000000,
      "returnOnCapitalEmployed": -1.16,
      "returnOnInvestedCapital": 73.07,
      "depreciationAndAmortization": 6704000000,
      "sellingGeneralAndAdministrative": 74729000000
    }
  ]
}