[
  {
    "assets": 31872597000,
    "totalAssets": 62090000000,
    "cash": 35619000000,
    "cashflow": 1839000000,
    "capEx": 214000000,
    "ceo": "Cristiano Amon",
    "country": "USA",
    "cogs": 2491000000,
    "date": "2018-06-30",
    "debt": 7103000000,
    "depreciationAndAmortization": 414000000,
    "dividendPayout": 911000000,
    "dividendPerShare": 0.6201497617426821,
    "ebit": 1146000000,
    "ebitda": 1582000000,
    "employees": 0,
    "eps": 0.82,
    "exchange": "NASDAQ",
    "fiscalYear": 2018,
    "fiscalQuarter": 2,
    "grossMargin": 55.33,
    "grossProfit": 3086000000,
    "incomeTax": -268000000,
    "interestExpense": 212000000,
    "netIncome": 1202000000,
    "netMargin": 21.55,
    "operatingIncome": 903000000,
    "operatingMargin": 16.19,
    "researchAndDev": 1416000000,
    "returnOnAssets": 1.94,
    "returnOnCapitalEmployed": 2.5,
    "returnOnEquity": "5.21",
    "returnOnInvestedCapital": null,
    "revenue": 5577000000,
    "revenueSegments": {
      "products": [
        "Model S/X",
        "Model 3/Y"
      ],
      "productsSold": [
        14517,
        72531
      ]
    },
    "shareholderEquity": 23068000000,
    "sharesOutstanding": 1469000000,
    "stockBasedCompensation": 0,
    "ticker": "QCOM",
    "currentAssets": 44318000000,
    "currentLiabilities": 16212000000,
    "sellingGeneralAndAdministrative": 655000000,
    "stockRepurchase": 1000000000
  },
  {
    "assets": 31872597000,
    "totalAssets": 32718000000,
    "cash": 11777000000,
    "cashflow": -582000000,
    "capEx": 159000000,
    "ceo": "Cristiano Amon",
    "country": "USA",
    "cogs": 2850000000,
    "date": "2018-09-30",
    "debt": 1005000000,
    "depreciationAndAmortization": 396000000,
    "dividendPayout": 866000000,
    "dividendPerShare": 0.7104183757178015,
    "ebit": -593000000,
    "ebitda": -172000000,
    "employees": 0,
    "eps": -0.42,
    "exchange": "NASDAQ",
    "fiscalYear": 2018,
    "fiscalQuarter": 2,
    "grossMargin": 50.67,
    "grossProfit": 2928000000,
    "incomeTax": -287000000,
    "interestExpense": 207000000,
    "netIncome": -513000000,
    "netMargin": -8.88,
    "operatingIncome": -679000000,
    "operatingMargin": -11.75,
    "researchAndDev": 1388000000,
    "returnOnAssets": -1.57,
    "returnOnCapitalEmployed": -2.78,
    "returnOnEquity": "-63.57",
    "returnOnInvestedCapital": null,
    "revenue": 5778000000,
    "revenueSegments": {
      "products": [
        "Model S/X",
        "Model 3/Y"
      ],
      "productsSold": [
        14517,
        72531
      ]
    },
    "shareholderEquity": 807000000,
    "sharesOutstanding": 1219000000,
    "stockBasedCompensation": 0,
    "ticker": "QCOM",
    "currentAssets": 17384000000,
    "currentLiabilities": 11389000000,
    "sellingGeneralAndAdministrative": 689000000,
    "stockRepurchase": 21155000000
  },
  {
    "assets": 31872597000,
    "totalAssets": 34246000000,
    "cash": 10066000000,
    "cashflow": 204000000,
    "capEx": 152000000,
    "ceo": "Cristiano Amon",
    "country": "USA",
    "cogs": 2188000000,
    "date": "2018-12-31",
    "debt": 998000000,
    "depreciationAndAmortization": 353000000,
    "dividendPayout": 750000000,
    "dividendPerShare": 0.6198347107438017,
    "ebit": 715000000,
    "ebitda": 1068000000,
    "employees": 0,
    "eps": 0.88,
    "exchange": "NASDAQ",
    "fiscalYear": 2018,
    "fiscalQuarter": 2,
    "grossMargin": 54.81,
    "grossProfit": 2654000000,
    "incomeTax": -509000000,
    "interestExpense": 156000000,
    "netIncome": 1068000000,
    "netMargin": 22.06,
    "operatingIncome": 710000000,
    "operatingMargin": 14.66,
    "researchAndDev": 1269000000,
    "returnOnAssets": 3.12,
    "returnOnCapitalEmployed": 3.02,
    "returnOnEquity": "29.53",
    "returnOnInvestedCapital": null,
    "revenue": 4842000000,
    "revenueSegments": {
      "products": [
        "Model S/X",
        "Model 3/Y"
      ],
      "productsSold": [
        14517,
        72531
      ]
    },
    "shareholderEquity": 3617000000,
    "sharesOutstanding": 1210000000,
    "stockBasedCompensation": 0,
    "ticker": "QCOM",
    "currentAssets": 16294000000,
    "currentLiabilities": 10556000000,
    "sellingGeneralAndAdministrative": 526000000,
    "stockRepurchase": 1019000000
  },
  {
    "assets": 31872597000,
    "totalAssets": 34023000000,
    "cash": 10135000000,
    "cashflow": 624000000,
    "capEx": 170000000,
    "ceo": "Cristiano Amon",
    "country": "USA",
    "cogs": 2179000000,
    "date": "2019-03-31",
    "debt": 998000000,
    "depreciationAndAmortization": 345000000,
    "dividendPayout": 752000000,
    "dividendPerShare": 0.6194398682042833,
    "ebit": 968000000,
    "ebitda": 1313000000,
    "employees": 0,
    "eps": 0.55,
    "exchange": "NASDAQ",
    "fiscalYear": 2019,
    "fiscalQuarter": 2,
    "grossMargin": 56.26,
    "grossProfit": 2803000000,
    "incomeTax": 143000000,
    "interestExpense": 162000000,
    "netIncome": 663000000,
    "netMargin": 13.31,
    "operatingIncome": 940000000,
    "operatingMargin": 18.87,
    "researchAndDev": 1308000000,
    "returnOnAssets": 1.95,
    "returnOnCapitalEmployed": 4.12,
    "returnOnEquity": "17.15",
    "returnOnInvestedCapital": null,
    "revenue": 4982000000,
    "revenueSegments": {
      "products": [
        "Model S/X",
        "Model 3/Y"
      ],
      "productsSold": [
        14517,
        72531
      ]
    },
    "shareholderEquity": 3866000000,
    "sharesOutstanding": 1214000000,
    "stockBasedCompensation": 0,
    "ticker": "QCOM",
    "currentAssets": 16324000000,
    "currentLiabilities": 10517000000,
    "sellingGeneralAndAdministrative": 573000000,
    "stockRepurchase": 0
  },
  {
    "assets": 31872597000,
    "totalAssets": 34133000000,
    "cash": 13923000000,
    "cashflow": 4661000000,
    "capEx": 248000000,
    "ceo": "Cristiano Amon",
    "country": "USA",
    "cogs": 2114000000,
    "date": "2019-06-30",
    "debt": 3000000000,
    "depreciationAndAmortization": 353000000,
    "dividendPayout": 755000000,
    "dividendPerShare": 0.6198686371100164,
    "ebit": 5661000000,
    "ebitda": 6014000000,
    "employees": 0,
    "eps": 1.76,
    "exchange": "NASDAQ",
    "fiscalYear": 2019,
    "fiscalQuarter": 2,
    "grossMargin": 78.06,
    "grossProfit": 7521000000,
    "incomeTax": 3352000000,
    "interestExpense": 160000000,
    "netIncome": 2149000000,
    "netMargin": 22.3,
    "operatingIncome": 5317000000,
    "operatingMargin": 55.18,
    "researchAndDev": 1380000000,
    "returnOnAssets": 6.3,
    "returnOnCapitalEmployed": 24.32,
    "returnOnEquity": "39.34",
    "returnOnInvestedCapital": null,
    "revenue": 9635000000,
    "revenueSegments": {
      "products": [
        "Model S/X",
        "Model 3/Y"
      ],
      "productsSold": [
        14517,
        72531
      ]
    },
    "shareholderEquity": 5463000000,
    "sharesOutstanding": 1218000000,
    "stockBasedCompensation": 0,
    "ticker": "QCOM",
    "currentAssets": 19204000000,
    "currentLiabilities": 10853000000,
    "sellingGeneralAndAdministrative": 547000000,
    "stockRepurchase": 69000000
  },
  {
    "assets": 31872597000,
    "totalAssets": 32957000000,
    "cash": 11839000000,
    "cashflow": 910000000,
    "capEx": 317000000,
    "ceo": "Cristiano Amon",
    "country": "USA",
    "cogs": 2118000000,
    "date": "2019-09-30",
    "debt": 2496000000,
    "depreciationAndAmortization": 350000000,
    "dividendPayout": 711000000,
    "dividendPerShare": 0.6209606986899563,
    "ebit": 764000000,
    "ebitda": 1114000000,
    "employees": 0,
    "eps": 0.44,
    "exchange": "NASDAQ",
    "fiscalYear": 2019,
    "fiscalQuarter": 2,
    "grossMargin": 56,
    "grossProfit": 2696000000,
    "incomeTax": 108000000,
    "interestExpense": 150000000,
    "netIncome": 506000000,
    "netMargin": 10.51,
    "operatingIncome": 701000000,
    "operatingMargin": 14.56,
    "researchAndDev": 1441000000,
    "returnOnAssets": 1.54,
    "returnOnCapitalEmployed": 3.18,
    "returnOnEquity": "10.31",
    "returnOnInvestedCapital": null,
    "revenue": 4814000000,
    "revenueSegments": {
      "products": [
        "Model S/X",
        "Model 3/Y"
      ],
      "productsSold": [
        14517,
        72531
      ]
    },
    "shareholderEquity": 4909000000,
    "sharesOutstanding": 1145000000,
    "stockBasedCompensation": 0,
    "ticker": "QCOM",
    "currentAssets": 16765000000,
    "currentLiabilities": 8935000000,
    "sellingGeneralAndAdministrative": 549000000,
    "stockRepurchase": 705000000
  },
  {
    "assets": 31872597000,
    "totalAssets": 33111000000,
    "cash": 11109000000,
    "cashflow": 822000000,
    "capEx": 296000000,
    "ceo": "Cristiano Amon",
    "country": "USA",
    "cogs": 2113000000,
    "date": "2019-12-31",
    "debt": 2498000000,
    "depreciationAndAmortization": 351000000,
    "dividendPayout": 710000000,
    "dividendPerShare": 0.621172353455818,
    "ebit": 1095000000,
    "ebitda": 1446000000,
    "employees": 0,
    "eps": 0.81,
    "exchange": "NASDAQ",
    "fiscalYear": 2019,
    "fiscalQuarter": 2,
    "grossMargin": 58.38,
    "grossProfit": 2964000000,
    "incomeTax": 22000000,
    "interestExpense": 148000000,
    "netIncome": 925000000,
    "netMargin": 18.22,
    "operatingIncome": 1030000000,
    "operatingMargin": 20.29,
    "researchAndDev": 1406000000,
    "returnOnAssets": 2.79,
    "returnOnCapitalEmployed": 4.58,
    "returnOnEquity": "20.50",
    "returnOnInvestedCapital": null,
    "revenue": 5077000000,
    "revenueSegments": {
      "products": [
        "Model S/X",
        "Model 3/Y"
      ],
      "productsSold": [
        14517,
        72531
      ]
    },
    "shareholderEquity": 4513000000,
    "sharesOutstanding": 1143000000,
    "stockBasedCompensation": 0,
    "ticker": "QCOM",
    "currentAssets": 16205000000,
    "currentLiabilities": 9194000000,
    "sellingGeneralAndAdministrative": 528000000,
    "stockRepurchase": 762000000
  },
  {
    "assets": 31872597000,
    "totalAssets": 31938000000,
    "cash": 8403000000,
    "cashflow": 738000000,
    "capEx": 345000000,
    "ceo": "Cristiano Amon",
    "country": "USA",
    "cogs": 2297000000,
    "date": "2020-03-31",
    "debt": 2499000000,
    "depreciationAndAmortization": 340000000,
    "dividendPayout": 705000000,
    "dividendPerShare": 0.6255545696539485,
    "ebit": 744000000,
    "ebitda": 1084000000,
    "employees": 0,
    "eps": 0.42,
    "exchange": "NASDAQ",
    "fiscalYear": 2020,
    "fiscalQuarter": 2,
    "grossMargin": 55.96,
    "grossProfit": 2919000000,
    "incomeTax": 130000000,
    "interestExpense": 146000000,
    "netIncome": 468000000,
    "netMargin": 8.97,
    "operatingIncome": 991000000,
    "operatingMargin": 19,
    "researchAndDev": 1468000000,
    "returnOnAssets": 1.47,
    "returnOnCapitalEmployed": 3.36,
    "returnOnEquity": "15.37",
    "returnOnInvestedCapital": null,
    "revenue": 5216000000,
    "revenueSegments": {
      "products": [
        "Model S/X",
        "Model 3/Y"
      ],
      "productsSold": [
        14517,
        72531
      ]
    },
    "shareholderEquity": 3045000000,
    "sharesOutstanding": 1127000000,
    "stockBasedCompensation": 0,
    "ticker": "QCOM",
    "currentAssets": 15313000000,
    "currentLiabilities": 9774000000,
    "sellingGeneralAndAdministrative": 483000000,
    "stockRepurchase": 1578000000
  },
  {
    "assets": 31872597000,
    "totalAssets": 32328000000,
    "cash": 6120000000,
    "cashflow": 1454000000,
    "capEx": 418000000,
    "ceo": "Cristiano Amon",
    "country": "USA",
    "cogs": 2080000000,
    "date": "2020-06-30",
    "debt": 500000000,
    "depreciationAndAmortization": 363000000,
    "dividendPayout": 733000000,
    "dividendPerShare": 0.649822695035461,
    "ebit": 1011000000,
    "ebitda": 1374000000,
    "employees": 0,
    "eps": 0.75,
    "exchange": "NASDAQ",
    "fiscalYear": 2020,
    "fiscalQuarter": 2,
    "grossMargin": 57.49,
    "grossProfit": 2813000000,
    "incomeTax": 23000000,
    "interestExpense": 143000000,
    "netIncome": 845000000,
    "netMargin": 17.27,
    "operatingIncome": 782000000,
    "operatingMargin": 15.98,
    "researchAndDev": 1520000000,
    "returnOnAssets": 2.61,
    "returnOnCapitalEmployed": 4.14,
    "returnOnEquity": "25.56",
    "returnOnInvestedCapital": null,
    "revenue": 4893000000,
    "revenueSegments": {
      "products": [
        "Model S/X",
        "Model 3/Y"
      ],
      "productsSold": [
        14517,
        72531
      ]
    },
    "shareholderEquity": 3306000000,
    "sharesOutstanding": 1128000000,
    "stockBasedCompensation": 0,
    "ticker": "QCOM",
    "currentAssets": 15558000000,
    "currentLiabilities": 7914000000,
    "sellingGeneralAndAdministrative": 511000000,
    "stockRepurchase": 110000000
  },
  {
    "assets": 31872597000,
    "totalAssets": 35594000000,
    "cash": 6707000000,
    "cashflow": 1393000000,
    "capEx": 348000000,
    "ceo": "Cristiano Amon",
    "country": "USA",
    "cogs": 2766000000,
    "date": "2020-09-30",
    "debt": 500000000,
    "depreciationAndAmortization": 339000000,
    "dividendPayout": 734000000,
    "dividendPerShare": 0.6489832007073386,
    "ebit": 3472000000,
    "ebitda": 3811000000,
    "employees": 0,
    "eps": 2.62,
    "exchange": "NASDAQ",
    "fiscalYear": 2020,
    "fiscalQuarter": 2,
    "grossMargin": 66.86,
    "grossProfit": 5580000000,
    "incomeTax": 346000000,
    "interestExpense": 166000000,
    "netIncome": 2960000000,
    "netMargin": 35.47,
    "operatingIncome": 3452000000,
    "operatingMargin": 41.36,
    "researchAndDev": 1582000000,
    "returnOnAssets": 8.32,
    "returnOnCapitalEmployed": 12.9,
    "returnOnEquity": "48.71",
    "returnOnInvestedCapital": null,
    "revenue": 8346000000,
    "revenueSegments": {
      "products": [
        "Model S/X",
        "Model 3/Y"
      ],
      "productsSold": [
        14517,
        72531
      ]
    },
    "shareholderEquity": 6077000000,
    "sharesOutstanding": 1131000000,
    "stockBasedCompensation": 0,
    "ticker": "QCOM",
    "currentAssets": 18519000000,
    "currentLiabilities": 8672000000,
    "sellingGeneralAndAdministrative": 551000000,
    "stockRepurchase": 0
  },
  {
    "assets": 31872597000,
    "totalAssets": 37479000000,
    "cash": 7076000000,
    "cashflow": 2706000000,
    "capEx": 469000000,
    "ceo": "Cristiano Amon",
    "country": "USA",
    "cogs": 3489000000,
    "date": "2020-12-31",
    "debt": 500000000,
    "depreciationAndAmortization": 364000000,
    "dividendPayout": 739000000,
    "dividendPerShare": 0.6505281690140845,
    "ebit": 2745000000,
    "ebitda": 3109000000,
    "employees": 0,
    "eps": 2.16,
    "exchange": "NASDAQ",
    "fiscalYear": 2020,
    "fiscalQuarter": 2,
    "grossMargin": 57.63,
    "grossProfit": 4746000000,
    "incomeTax": 149000000,
    "interestExpense": 141000000,
    "netIncome": 2455000000,
    "netMargin": 29.81,
    "operatingIncome": 2526000000,
    "operatingMargin": 30.67,
    "researchAndDev": 1653000000,
    "returnOnAssets": 6.55,
    "returnOnCapitalEmployed": 9.71,
    "returnOnEquity": "33.27",
    "returnOnInvestedCapital": null,
    "revenue": 8235000000,
    "revenueSegments": {
      "products": [
        "Model S/X",
        "Model 3/Y"
      ],
      "productsSold": [
        14517,
        72531
      ]
    },
    "shareholderEquity": 7380000000,
    "sharesOutstanding": 1136000000,
    "stockBasedCompensation": 0,
    "ticker": "QCOM",
    "currentAssets": 19792000000,
    "currentLiabilities": 9223000000,
    "sellingGeneralAndAdministrative": 567000000,
    "stockRepurchase": 444000000
  },
  {
    "assets": 31872597000,
    "totalAssets": 37168000000,
    "cash": 6000000000,
    "cashflow": 2428000000,
    "capEx": 483000000,
    "ceo": "Cristiano Amon",
    "country": "USA",
    "cogs": 3432000000,
    "date": "2021-03-31",
    "debt": 500000000,
    "depreciationAndAmortization": 387000000,
    "dividendPayout": 734000000,
    "dividendPerShare": 0.650132860938884,
    "ebit": 2270000000,
    "ebitda": 2657000000,
    "employees": 0,
    "eps": 1.56,
    "exchange": "NASDAQ",
    "fiscalYear": 2021,
    "fiscalQuarter": 2,
    "grossMargin": 56.75,
    "grossProfit": 4503000000,
    "incomeTax": 367000000,
    "interestExpense": 141000000,
    "netIncome": 1762000000,
    "netMargin": 22.21,
    "operatingIncome": 2166000000,
    "operatingMargin": 27.3,
    "researchAndDev": 1780000000,
    "returnOnAssets": 4.74,
    "returnOnCapitalEmployed": 8.08,
    "returnOnEquity": "23.73",
    "returnOnInvestedCapital": null,
    "revenue": 7935000000,
    "revenueSegments": {
      "products": [
        "Model S/X",
        "Model 3/Y"
      ],
      "productsSold": [
        14517,
        72531
      ]
    },
    "shareholderEquity": 7424000000,
    "sharesOutstanding": 1129000000,
    "stockBasedCompensation": 0,
    "ticker": "QCOM",
    "currentAssets": 18299000000,
    "currentLiabilities": 9070000000,
    "sellingGeneralAndAdministrative": 557000000,
    "stockRepurchase": 1521000000
  },
  {
    "assets": 31872597000,
    "totalAssets": 38769000000,
    "cash": 7399000000,
    "cashflow": 2867000000,
    "capEx": 506000000,
    "ceo": "Cristiano Amon",
    "country": "USA",
    "cogs": 3404000000,
    "date": "2021-06-30",
    "debt": 2045000000,
    "depreciationAndAmortization": 406000000,
    "dividendPayout": 767000000,
    "dividendPerShare": 0.6799645390070922,
    "ebit": 2395000000,
    "ebitda": 2801000000,
    "employees": 0,
    "eps": 1.8,
    "exchange": "NASDAQ",
    "fiscalYear": 2021,
    "fiscalQuarter": 2,
    "grossMargin": 57.77,
    "grossProfit": 4656000000,
    "incomeTax": 230000000,
    "interestExpense": 138000000,
    "netIncome": 2027000000,
    "netMargin": 25.15,
    "operatingIncome": 2195000000,
    "operatingMargin": 27.23,
    "researchAndDev": 1864000000,
    "returnOnAssets": 5.23,
    "returnOnCapitalEmployed": 8.77,
    "returnOnEquity": "24.79",
    "returnOnInvestedCapital": null,
    "revenue": 8060000000,
    "revenueSegments": {
      "products": [
        "Model S/X",
        "Model 3/Y"
      ],
      "productsSold": [
        14517,
        72531
      ]
    },
    "shareholderEquity": 8177000000,
    "sharesOutstanding": 1128000000,
    "stockBasedCompensation": 0,
    "ticker": "QCOM",
    "currentAssets": 19693000000,
    "currentLiabilities": 11460000000,
    "sellingGeneralAndAdministrative": 597000000,
    "stockRepurchase": 630000000
  },
  {
    "assets": 31872597000,
    "totalAssets": 41240000000,
    "cash": 7116000000,
    "cashflow": 647000000,
    "capEx": 430000000,
    "ceo": "Cristiano Amon",
    "country": "USA",
    "cogs": 3937000000,
    "date": "2021-09-30",
    "debt": 2044000000,
    "depreciationAndAmortization": 425000000,
    "dividendPayout": 768000000,
    "dividendPerShare": 0.6826666666666666,
    "ebit": 3423000000,
    "ebitda": 3848000000,
    "employees": 0,
    "eps": 2.49,
    "exchange": "NASDAQ",
    "fiscalYear": 2021,
    "fiscalQuarter": 2,
    "grossMargin": 57.83,
    "grossProfit": 5399000000,
    "incomeTax": 487000000,
    "interestExpense": 138000000,
    "netIncome": 2798000000,
    "netMargin": 29.97,
    "operatingIncome": 2902000000,
    "operatingMargin": 31.08,
    "researchAndDev": 1879000000,
    "returnOnAssets": 6.78,
    "returnOnCapitalEmployed": 11.69,
    "returnOnEquity": "28.12",
    "returnOnInvestedCapital": null,
    "revenue": 9336000000,
    "revenueSegments": {
      "products": [
        "Model S/X",
        "Model 3/Y"
      ],
      "productsSold": [
        14517,
        72531
      ]
    },
    "shareholderEquity": 9950000000,
    "sharesOutstanding": 1125000000,
    "stockBasedCompensation": 0,
    "ticker": "QCOM",
    "currentAssets": 20075000000,
    "currentLiabilities": 11951000000,
    "sellingGeneralAndAdministrative": 618000000,
    "stockRepurchase": 771000000
  },
  {
    "assets": 31872597000,
    "totalAssets": 42820000000,
    "cash": 6607000000,
    "cashflow": 1474000000,
    "capEx": 583000000,
    "ceo": "Cristiano Amon",
    "country": "USA",
    "cogs": 4303000000,
    "date": "2021-12-31",
    "debt": 2042000000,
    "depreciationAndAmortization": 406000000,
    "dividendPayout": 765000000,
    "dividendPerShare": 0.68,
    "ebit": 4004000000,
    "ebitda": 4410000000,
    "employees": 0,
    "eps": 3.02,
    "exchange": "NASDAQ",
    "fiscalYear": 2021,
    "fiscalQuarter": 2,
    "grossMargin": 59.8,
    "grossProfit": 6402000000,
    "incomeTax": 466000000,
    "interestExpense": 139000000,
    "netIncome": 3399000000,
    "netMargin": 31.75,
    "operatingIncome": 3864000000,
    "operatingMargin": 36.1,
    "researchAndDev": 1930000000,
    "returnOnAssets": 7.94,
    "returnOnCapitalEmployed": 13.11,
    "returnOnEquity": "29.99",
    "returnOnInvestedCapital": null,
    "revenue": 10705000000,
    "revenueSegments": {
      "products": [
        "Model S/X",
        "Model 3/Y"
      ],
      "productsSold": [
        14517,
        72531
      ]
    },
    "shareholderEquity": 11333000000,
    "sharesOutstanding": 1125000000,
    "stockBasedCompensation": 0,
    "ticker": "QCOM",
    "currentAssets": 20222000000,
    "currentLiabilities": 12273000000,
    "sellingGeneralAndAdministrative": 608000000,
    "stockRepurchase": 1178000000
  },
  {
    "assets": 31872597000,
    "totalAssets": 44302000000,
    "cash": 7173000000,
    "cashflow": 2207000000,
    "capEx": 491000000,
    "ceo": "Cristiano Amon",
    "country": "USA",
    "cogs": 4648000000,
    "date": "2022-03-31",
    "debt": 3485000000,
    "depreciationAndAmortization": 415000000,
    "dividendPayout": 764000000,
    "dividendPerShare": 0.6809269162210339,
    "ebit": 3560000000,
    "ebitda": 4273000000,
    "employees": 0,
    "eps": 2.61,
    "exchange": "NASDAQ",
    "fiscalYear": 2022,
    "fiscalQuarter": 2,
    "grossMargin": 58.37,
    "grossProfit": 6516000000,
    "incomeTax": 489000000,
    "interestExpense": 137000000,
    "netIncome": 2934000000,
    "netMargin": 26.28,
    "operatingIncome": 3858000000,
    "operatingMargin": 34.56,
    "researchAndDev": 2034000000,
    "returnOnAssets": 6.62,
    "returnOnCapitalEmployed": 11.53,
    "returnOnEquity": "22.01",
    "returnOnInvestedCapital": null,
    "revenue": 11164000000,
    "revenueSegments": {
      "products": [
        "Model S/X",
        "Model 3/Y"
      ],
      "productsSold": [
        14517,
        72531
      ]
    },
    "shareholderEquity": 13328000000,
    "sharesOutstanding": 1122000000,
    "stockBasedCompensation": 0,
    "ticker": "QCOM",
    "currentAssets": 21610000000,
    "currentLiabilities": 13432000000,
    "sellingGeneralAndAdministrative": 624000000,
    "stockRepurchase": 951000000
  },
  {
    "assets": 31872597000,
    "totalAssets": 47020000000,
    "cash": 2676000000,
    "cashflow": 2341000000,
    "capEx": 554000000,
    "ceo": "Cristiano Amon",
    "country": "USA",
    "cogs": 4816000000,
    "date": "2022-06-30",
    "debt": 1945000000,
    "depreciationAndAmortization": 438000000,
    "dividendPayout": 842000000,
    "dividendPerShare": 0.750445632798574,
    "ebit": 4309000000,
    "ebitda": 3781000000,
    "employees": 0,
    "eps": 3.32,
    "exchange": "NASDAQ",
    "fiscalYear": 2022,
    "fiscalQuarter": 2,
    "grossMargin": 55.96,
    "grossProfit": 6120000000,
    "incomeTax": 509000000,
    "interestExpense": 70000000,
    "netIncome": 3730000000,
    "netMargin": 34.11,
    "operatingIncome": 4472000000,
    "operatingMargin": 40.89,
    "researchAndDev": 2052000000,
    "returnOnAssets": 7.93,
    "returnOnCapitalEmployed": 12.24,
    "returnOnEquity": "23.24",
    "returnOnInvestedCapital": null,
    "revenue": 10936000000,
    "revenueSegments": {
      "products": [
        "Model S/X",
        "Model 3/Y"
      ],
      "productsSold": [
        14517,
        72531
      ]
    },
    "shareholderEquity": 16048000000,
    "sharesOutstanding": 1122000000,
    "stockBasedCompensation": 0,
    "ticker": "QCOM",
    "currentAssets": 18999000000,
    "currentLiabilities": 11829000000,
    "sellingGeneralAndAdministrative": 655000000,
    "stockRepurchase": 500000000
  },
  {
    "assets": 31872597000,
    "totalAssets": 49014000000,
    "cash": 2773000000,
    "cashflow": 812000000,
    "capEx": 634000000,
    "ceo": "Cristiano Amon",
    "country": "USA",
    "cogs": 4868000000,
    "date": "2022-09-30",
    "debt": 1945000000,
    "depreciationAndAmortization": 1538000000,
    "dividendPayout": 841000000,
    "dividendPerShare": 0.7502230151650312,
    "ebit": 3565000000,
    "ebitda": 5204000000,
    "employees": 0,
    "eps": 2.56,
    "exchange": "NASDAQ",
    "fiscalYear": 2022,
    "fiscalQuarter": 2,
    "grossMargin": 57.28,
    "grossProfit": 6527000000,
    "incomeTax": 547000000,
    "interestExpense": 145000000,
    "netIncome": 2873000000,
    "netMargin": 25.21,
    "operatingIncome": 3666000000,
    "operatingMargin": 32.17,
    "researchAndDev": 2178000000,
    "returnOnAssets": 5.86,
    "returnOnCapitalEmployed": 9.6,
    "returnOnEquity": "15.95",
    "returnOnInvestedCapital": null,
    "revenue": 11395000000,
    "revenueSegments": {
      "products": [
        "Model S/X",
        "Model 3/Y"
      ],
      "productsSold": [
        14517,
        72531
      ]
    },
    "shareholderEquity": 18013000000,
    "sharesOutstanding": 1121000000,
    "stockBasedCompensation": 0,
    "ticker": "QCOM",
    "currentAssets": 20724000000,
    "currentLiabilities": 11866000000,
    "sellingGeneralAndAdministrative": 683000000,
    "stockRepurchase": 500000000
  },
  {
    "assets": 31872597000,
    "totalAssets": 50014000000,
    "cash": 4808000000,
    "cashflow": 2697000000,
    "capEx": 398000000,
    "ceo": "Cristiano Amon",
    "country": "USA",
    "cogs": 4044000000,
    "date": "2022-12-31",
    "debt": 1446000000,
    "depreciationAndAmortization": 398000000,
    "dividendPayout": 842000000,
    "dividendPerShare": 0.7524575513851653,
    "ebit": 2503000000,
    "ebitda": 2863000000,
    "employees": 0,
    "eps": 2,
    "exchange": "NASDAQ",
    "fiscalYear": 2022,
    "fiscalQuarter": 2,
    "grossMargin": 57.27,
    "grossProfit": 5419000000,
    "incomeTax": 98000000,
    "interestExpense": 170000000,
    "netIncome": 2235000000,
    "netMargin": 23.62,
    "operatingIncome": 2465000000,
    "operatingMargin": 26.05,
    "researchAndDev": 2251000000,
    "returnOnAssets": 4.47,
    "returnOnCapitalEmployed": 6.27,
    "returnOnEquity": "11.88",
    "returnOnInvestedCapital": null,
    "revenue": 9463000000,
    "revenueSegments": {
      "products": [
        "Model S/X",
        "Model 3/Y"
      ],
      "productsSold": [
        14517,
        72531
      ]
    },
    "shareholderEquity": 18810000000,
    "sharesOutstanding": 1119000000,
    "stockBasedCompensation": 0,
    "ticker": "QCOM",
    "currentAssets": 21098000000,
    "currentLiabilities": 10081000000,
    "sellingGeneralAndAdministrative": 623000000,
    "stockRepurchase": 1270000000
  },
  {
    "assets": 31872597000,
    "totalAssets": 48362000000,
    "cash": 3488000000,
    "cashflow": 1004000000,
    "capEx": 453000000,
    "ceo": "Cristiano Amon",
    "country": "USA",
    "cogs": 4153000000,
    "date": "2023-03-31",
    "debt": 499000000,
    "depreciationAndAmortization": 470000000,
    "dividendPayout": 834000000,
    "dividendPerShare": 0.748653500897666,
    "ebit": 2076000000,
    "ebitda": 2560000000,
    "employees": 0,
    "eps": 1.53,
    "exchange": "NASDAQ",
    "fiscalYear": 2023,
    "fiscalQuarter": 2,
    "grossMargin": 55.22,
    "grossProfit": 5122000000,
    "incomeTax": 193000000,
    "interestExpense": 179000000,
    "netIncome": 1704000000,
    "netMargin": 18.37,
    "operatingIncome": 2090000000,
    "operatingMargin": 22.53,
    "researchAndDev": 2210000000,
    "returnOnAssets": 3.52,
    "returnOnCapitalEmployed": 5.13,
    "returnOnEquity": "8.65",
    "returnOnInvestedCapital": null,
    "revenue": 9275000000,
    "revenueSegments": {
      "products": [
        "Model S/X",
        "Model 3/Y"
      ],
      "productsSold": [
        14517,
        72531
      ]
    },
    "shareholderEquity": 19698000000,
    "sharesOutstanding": 1114000000,
    "stockBasedCompensation": 0,
    "ticker": "QCOM",
    "currentAssets": 19073000000,
    "currentLiabilities": 7866000000,
    "sellingGeneralAndAdministrative": 614000000,
    "stockRepurchase": 903000000
  }
]