{
  "id": 10,
  "created_at": "2023-06-23 18:09:25.915864+00",
  "ticker": "adbe",
  "description": "",
  "companyName": "Adobe",
  "ceo": "Shantanu Narayen",
  "website": "https://www.adobe.com/",
  "fundamentals": [
    {
      "ceo": "Shantanu Narayen",
      "eps": -0.18,
      "cash": 895400000,
      "cogs": 3400000,
      "date": "2018-07-31",
      "debt": null,
      "ebit": -24700000,
      "capEx": 20000000,
      "assets": 31872597000,
      "ebitda": -2500000,
      "ticker": "ADSK",
      "country": "USA",
      "revenue": 611700000,
      "cashflow": 23300000,
      "exchange": "NASDAQ",
      "employees": 0,
      "incomeTax": 16000000,
      "netIncome": -39400000,
      "netMargin": -6.44,
      "fiscalYear": 2018,
      "grossMargin": 88.59,
      "grossProfit": 541900000,
      "totalAssets": 3833000000,
      "currentAssets": 1598800000,
      "fiscalQuarter": 2,
      "dividendPayout": null,
      "researchAndDev": 180800000,
      "returnOnAssets": -1.03,
      "returnOnEquity": "16.31",
      "interestExpense": 8700000,
      "operatingIncome": -24700000,
      "operatingMargin": -4.04,
      "revenueSegments": {
        "products": [
          "",
          ""
        ],
        "productsSold": [
          0,
          0
        ]
      },
      "stockRepurchase": 132700000,
      "dividendPerShare": null,
      "shareholderEquity": -241600000,
      "sharesOutstanding": 219000000,
      "currentLiabilities": 1915100000,
      "stockBasedCompensation": 0,
      "returnOnCapitalEmployed": -1.29,
      "returnOnInvestedCapital": null,
      "depreciationAndAmortization": 22200000,
      "sellingGeneralAndAdministrative": 368200000
    },
    {
      "ceo": "Shantanu Narayen",
      "eps": -0.11,
      "cash": 875700000,
      "cogs": 3600000,
      "date": "2018-10-31",
      "debt": null,
      "ebit": 14700000,
      "capEx": 12700000,
      "assets": 31872597000,
      "ebitda": 38200000,
      "ticker": "ADSK",
      "country": "USA",
      "revenue": 660900000,
      "cashflow": 26500000,
      "exchange": "NASDAQ",
      "employees": 0,
      "incomeTax": 35200000,
      "netIncome": -23700000,
      "netMargin": -3.59,
      "fiscalYear": 2018,
      "grossMargin": 89.06,
      "grossProfit": 588600000,
      "totalAssets": 3774400000,
      "currentAssets": 1590000000,
      "fiscalQuarter": 2,
      "dividendPayout": null,
      "researchAndDev": 181000000,
      "returnOnAssets": -0.63,
      "returnOnEquity": "7.01",
      "interestExpense": 14700000,
      "operatingIncome": 14700000,
      "operatingMargin": 2.22,
      "revenueSegments": {
        "products": [
          "",
          ""
        ],
        "productsSold": [
          0,
          0
        ]
      },
      "stockRepurchase": 106600000,
      "dividendPerShare": null,
      "shareholderEquity": -338300000,
      "sharesOutstanding": 218900000,
      "currentLiabilities": 1985500000,
      "stockBasedCompensation": 0,
      "returnOnCapitalEmployed": 0.82,
      "returnOnInvestedCapital": null,
      "depreciationAndAmortization": 23500000,
      "sellingGeneralAndAdministrative": 385000000
    },
    {
      "ceo": "Shantanu Narayen",
      "eps": 0.29,
      "cash": 886000000,
      "cogs": 4900000,
      "date": "2019-01-31",
      "debt": null,
      "ebit": 40300000,
      "capEx": 17600000,
      "assets": 31872597000,
      "ebitda": 65700000,
      "ticker": "ADSK",
      "country": "USA",
      "revenue": 737300000,
      "cashflow": 293900000,
      "exchange": "NASDAQ",
      "employees": 0,
      "incomeTax": -31700000,
      "netIncome": 64700000,
      "netMargin": 8.78,
      "fiscalYear": 2019,
      "grossMargin": 89.56,
      "grossProfit": 660300000,
      "totalAssets": 4729200000,
      "currentAssets": 1620000000,
      "fiscalQuarter": 2,
      "dividendPayout": null,
      "researchAndDev": 190400000,
      "returnOnAssets": 1.37,
      "returnOnEquity": "-30.68",
      "interestExpense": 15500000,
      "operatingIncome": 40300000,
      "operatingMargin": 5.47,
      "revenueSegments": {
        "products": [
          "",
          ""
        ],
        "productsSold": [
          0,
          0
        ]
      },
      "stockRepurchase": 32200000,
      "dividendPerShare": null,
      "shareholderEquity": -210900000,
      "sharesOutstanding": 219400000,
      "currentLiabilities": 2301200000,
      "stockBasedCompensation": 0,
      "returnOnCapitalEmployed": 1.66,
      "returnOnInvestedCapital": null,
      "depreciationAndAmortization": 25400000,
      "sellingGeneralAndAdministrative": 421500000
    },
    {
      "ceo": "Shantanu Narayen",
      "eps": -0.11,
      "cash": 883200000,
      "cogs": 9200000,
      "date": "2019-04-30",
      "debt": null,
      "ebit": 24800000,
      "capEx": 14700000,
      "assets": 31872597000,
      "ebitda": 57500000,
      "ticker": "ADSK",
      "country": "USA",
      "revenue": 735500000,
      "cashflow": 206500000,
      "exchange": "NASDAQ",
      "employees": 0,
      "incomeTax": 32800000,
      "netIncome": -24200000,
      "netMargin": -3.29,
      "fiscalYear": 2019,
      "grossMargin": 88.76,
      "grossProfit": 652800000,
      "totalAssets": 4808500000,
      "currentAssets": 1422300000,
      "fiscalQuarter": 2,
      "dividendPayout": null,
      "researchAndDev": 205600000,
      "returnOnAssets": -0.5,
      "returnOnEquity": "9.87",
      "interestExpense": 13000000,
      "operatingIncome": 24800000,
      "operatingMargin": 3.37,
      "revenueSegments": {
        "products": [
          "",
          ""
        ],
        "productsSold": [
          0,
          0
        ]
      },
      "stockRepurchase": 88500000,
      "dividendPerShare": null,
      "shareholderEquity": -245300000,
      "sharesOutstanding": 219600000,
      "currentLiabilities": 2220700000,
      "stockBasedCompensation": 0,
      "returnOnCapitalEmployed": 0.96,
      "returnOnInvestedCapital": null,
      "depreciationAndAmortization": 32700000,
      "sellingGeneralAndAdministrative": 412400000
    },
    {
      "ceo": "Shantanu Narayen",
      "eps": 0.18,
      "cash": 923900000,
      "cogs": 8600000,
      "date": "2019-07-31",
      "debt": 508100000,
      "ebit": 73800000,
      "capEx": 14800000,
      "assets": 31872597000,
      "ebitda": 105900000,
      "ticker": "ADSK",
      "country": "USA",
      "revenue": 796800000,
      "cashflow": 204500000,
      "exchange": "NASDAQ",
      "employees": 0,
      "incomeTax": 26300000,
      "netIncome": 40200000,
      "netMargin": 5.05,
      "fiscalYear": 2019,
      "grossMargin": 90.02,
      "grossProfit": 717300000,
      "totalAssets": 4872700000,
      "currentAssets": 1515500000,
      "fiscalQuarter": 2,
      "dividendPayout": null,
      "researchAndDev": 215400000,
      "returnOnAssets": 0.83,
      "returnOnEquity": "-20.69",
      "interestExpense": 15400000,
      "operatingIncome": 73800000,
      "operatingMargin": 9.26,
      "revenueSegments": {
        "products": [
          "",
          ""
        ],
        "productsSold": [
          0,
          0
        ]
      },
      "stockRepurchase": 46100000,
      "dividendPerShare": null,
      "shareholderEquity": -194300000,
      "sharesOutstanding": 219600000,
      "currentLiabilities": 2707300000,
      "stockBasedCompensation": 0,
      "returnOnCapitalEmployed": 3.41,
      "returnOnInvestedCapital": null,
      "depreciationAndAmortization": 32100000,
      "sellingGeneralAndAdministrative": 418200000
    },
    {
      "ceo": "Shantanu Narayen",
      "eps": 0.3,
      "cash": 956200000,
      "cogs": 8400000,
      "date": "2019-10-31",
      "debt": 513400000,
      "ebit": 110600000,
      "capEx": 9700000,
      "assets": 31872597000,
      "ebitda": 142200000,
      "ticker": "ADSK",
      "country": "USA",
      "revenue": 842700000,
      "cashflow": 266700000,
      "exchange": "NASDAQ",
      "employees": 0,
      "incomeTax": 29700000,
      "netIncome": 66700000,
      "netMargin": 7.92,
      "fiscalYear": 2019,
      "grossMargin": 90.57,
      "grossProfit": 763200000,
      "totalAssets": 5036600000,
      "currentAssets": 1706800000,
      "fiscalQuarter": 2,
      "dividendPayout": null,
      "researchAndDev": 213000000,
      "returnOnAssets": 1.32,
      "returnOnEquity": "-38.89",
      "interestExpense": 13900000,
      "operatingIncome": 110600000,
      "operatingMargin": 13.12,
      "revenueSegments": {
        "products": [
          "",
          ""
        ],
        "productsSold": [
          0,
          0
        ]
      },
      "stockRepurchase": 127300000,
      "dividendPerShare": null,
      "shareholderEquity": -171500000,
      "sharesOutstanding": 219700000,
      "currentLiabilities": 2840200000,
      "stockBasedCompensation": 0,
      "returnOnCapitalEmployed": 5.04,
      "returnOnInvestedCapital": null,
      "depreciationAndAmortization": 31600000,
      "sellingGeneralAndAdministrative": 429800000
    },
    {
      "ceo": "Shantanu Narayen",
      "eps": 0.6,
      "cash": 1774700000,
      "cogs": 8300000,
      "date": "2020-01-31",
      "debt": 497800000,
      "ebit": 133800000,
      "capEx": 14000000,
      "assets": 31872597000,
      "ebitda": 164700000,
      "ticker": "ADSK",
      "country": "USA",
      "revenue": 899300000,
      "cashflow": 684200000,
      "exchange": "NASDAQ",
      "employees": 0,
      "incomeTax": -8500000,
      "netIncome": 131800000,
      "netMargin": 14.66,
      "fiscalYear": 2020,
      "grossMargin": 90.75,
      "grossProfit": 816100000,
      "totalAssets": 6179300000,
      "currentAssets": 2659300000,
      "fiscalQuarter": 2,
      "dividendPayout": null,
      "researchAndDev": 217100000,
      "returnOnAssets": 2.13,
      "returnOnEquity": "-94.75",
      "interestExpense": 11700000,
      "operatingIncome": 133800000,
      "operatingMargin": 14.88,
      "revenueSegments": {
        "products": [
          "",
          ""
        ],
        "productsSold": [
          0,
          0
        ]
      },
      "stockRepurchase": 180600000,
      "dividendPerShare": null,
      "shareholderEquity": -139100000,
      "sharesOutstanding": 219400000,
      "currentLiabilities": 3219200000,
      "stockBasedCompensation": 0,
      "returnOnCapitalEmployed": 4.52,
      "returnOnInvestedCapital": null,
      "depreciationAndAmortization": 30900000,
      "sellingGeneralAndAdministrative": 455500000
    },
    {
      "ceo": "Shantanu Narayen",
      "eps": 0.3,
      "cash": 1389700000,
      "cogs": 7400000,
      "date": "2020-04-30",
      "debt": null,
      "ebit": 130600000,
      "capEx": 23500000,
      "assets": 31872597000,
      "ebitda": 160600000,
      "ticker": "ADSK",
      "country": "USA",
      "revenue": 885700000,
      "cashflow": 303800000,
      "exchange": "NASDAQ",
      "employees": 0,
      "incomeTax": 24000000,
      "netIncome": 66500000,
      "netMargin": 7.51,
      "fiscalYear": 2020,
      "grossMargin": 90.75,
      "grossProfit": 803800000,
      "totalAssets": 5543900000,
      "currentAssets": 2024300000,
      "fiscalQuarter": 2,
      "dividendPayout": null,
      "researchAndDev": 217400000,
      "returnOnAssets": 1.2,
      "returnOnEquity": "-47.81",
      "interestExpense": 22300000,
      "operatingIncome": 130600000,
      "operatingMargin": 14.75,
      "revenueSegments": {
        "products": [
          "",
          ""
        ],
        "productsSold": [
          0,
          0
        ]
      },
      "stockRepurchase": 202000000,
      "dividendPerShare": null,
      "shareholderEquity": -139100000,
      "sharesOutstanding": 219200000,
      "currentLiabilities": 2578300000,
      "stockBasedCompensation": 0,
      "returnOnCapitalEmployed": 4.4,
      "returnOnInvestedCapital": null,
      "depreciationAndAmortization": 30000000,
      "sellingGeneralAndAdministrative": 446100000
    },
    {
      "ceo": "Shantanu Narayen",
      "eps": 0.45,
      "cash": 1439800000,
      "cogs": 7400000,
      "date": "2020-07-31",
      "debt": null,
      "ebit": 146100000,
      "capEx": 28000000,
      "assets": 31872597000,
      "ebitda": 176100000,
      "ticker": "ADSK",
      "country": "USA",
      "revenue": 913100000,
      "cashflow": 63200000,
      "exchange": "NASDAQ",
      "employees": 0,
      "incomeTax": 30800000,
      "netIncome": 98200000,
      "netMargin": 10.75,
      "fiscalYear": 2020,
      "grossMargin": 91.14,
      "grossProfit": 832200000,
      "totalAssets": 5747300000,
      "currentAssets": 2203900000,
      "fiscalQuarter": 2,
      "dividendPayout": null,
      "researchAndDev": 232500000,
      "returnOnAssets": 1.71,
      "returnOnEquity": "145.91",
      "interestExpense": 8000000,
      "operatingIncome": 146100000,
      "operatingMargin": 16,
      "revenueSegments": {
        "products": [
          "",
          ""
        ],
        "productsSold": [
          0,
          0
        ]
      },
      "stockRepurchase": 7000000,
      "dividendPerShare": null,
      "shareholderEquity": 67300000,
      "sharesOutstanding": 219200000,
      "currentLiabilities": 2619600000,
      "stockBasedCompensation": 0,
      "returnOnCapitalEmployed": 4.67,
      "returnOnInvestedCapital": null,
      "depreciationAndAmortization": 30000000,
      "sellingGeneralAndAdministrative": 444100000
    },
    {
      "ceo": "Shantanu Narayen",
      "eps": 0.6,
      "cash": 1537000000,
      "cogs": 7600000,
      "date": "2020-10-31",
      "debt": null,
      "ebit": 168000000,
      "capEx": 20900000,
      "assets": 31872597000,
      "ebitda": 200200000,
      "ticker": "ADSK",
      "country": "USA",
      "revenue": 952400000,
      "cashflow": 340200000,
      "exchange": "NASDAQ",
      "employees": 0,
      "incomeTax": 23900000,
      "netIncome": 132200000,
      "netMargin": 13.88,
      "fiscalYear": 2020,
      "grossMargin": 91.21,
      "grossProfit": 868700000,
      "totalAssets": 5944500000,
      "currentAssets": 2339800000,
      "fiscalQuarter": 2,
      "dividendPayout": null,
      "researchAndDev": 233000000,
      "returnOnAssets": 2.22,
      "returnOnEquity": "190.76",
      "interestExpense": 14600000,
      "operatingIncome": 168000000,
      "operatingMargin": 17.64,
      "revenueSegments": {
        "products": [
          "",
          ""
        ],
        "productsSold": [
          0,
          0
        ]
      },
      "stockRepurchase": 190400000,
      "dividendPerShare": null,
      "shareholderEquity": 69300000,
      "sharesOutstanding": 219600000,
      "currentLiabilities": 2811600000,
      "stockBasedCompensation": 0,
      "returnOnCapitalEmployed": 5.36,
      "returnOnInvestedCapital": null,
      "depreciationAndAmortization": 32200000,
      "sellingGeneralAndAdministrative": 458100000
    },
    {
      "ceo": "Shantanu Narayen",
      "eps": 4.15,
      "cash": 1772200000,
      "cogs": 8500000,
      "date": "2021-01-31",
      "debt": null,
      "ebit": 184400000,
      "capEx": 23500000,
      "assets": 31872597000,
      "ebitda": 216000000,
      "ticker": "ADSK",
      "country": "USA",
      "revenue": 1039200000,
      "cashflow": 634100000,
      "exchange": "NASDAQ",
      "employees": 0,
      "incomeTax": -740200000,
      "netIncome": 911300000,
      "netMargin": 87.69,
      "fiscalYear": 2021,
      "grossMargin": 91.28,
      "grossProfit": 948600000,
      "totalAssets": 7279800000,
      "currentAssets": 2625500000,
      "fiscalQuarter": 2,
      "dividendPayout": null,
      "researchAndDev": 249600000,
      "returnOnAssets": 12.52,
      "returnOnEquity": "94.44",
      "interestExpense": 6200000,
      "operatingIncome": 184400000,
      "operatingMargin": 17.74,
      "revenueSegments": {
        "products": [
          "",
          ""
        ],
        "productsSold": [
          0,
          0
        ]
      },
      "stockRepurchase": 152300000,
      "dividendPerShare": null,
      "shareholderEquity": 965000000,
      "sharesOutstanding": 219600000,
      "currentLiabilities": 3254700000,
      "stockBasedCompensation": 0,
      "returnOnCapitalEmployed": 4.58,
      "returnOnInvestedCapital": null,
      "depreciationAndAmortization": 31600000,
      "sellingGeneralAndAdministrative": 505900000
    },
    {
      "ceo": "Shantanu Narayen",
      "eps": 0.71,
      "cash": 923200000,
      "cogs": 10200000,
      "date": "2021-04-30",
      "debt": null,
      "ebit": 134000000,
      "capEx": 21200000,
      "assets": 31872597000,
      "ebitda": 167000000,
      "ticker": "ADSK",
      "country": "USA",
      "revenue": 989000000,
      "cashflow": 314800000,
      "exchange": "NASDAQ",
      "employees": 0,
      "incomeTax": -25000000,
      "netIncome": 156000000,
      "netMargin": 15.77,
      "fiscalYear": 2021,
      "grossMargin": 90.7,
      "grossProfit": 897000000,
      "totalAssets": 7298300000,
      "currentAssets": 1505400000,
      "fiscalQuarter": 2,
      "dividendPayout": null,
      "researchAndDev": 266000000,
      "returnOnAssets": 2.14,
      "returnOnEquity": "13.83",
      "interestExpense": 10600000,
      "operatingIncome": 134000000,
      "operatingMargin": 13.55,
      "revenueSegments": {
        "products": [
          "",
          ""
        ],
        "productsSold": [
          0,
          0
        ]
      },
      "stockRepurchase": 151000000,
      "dividendPerShare": null,
      "shareholderEquity": 1128000000,
      "sharesOutstanding": 219600000,
      "currentLiabilities": 3130100000,
      "stockBasedCompensation": 0,
      "returnOnCapitalEmployed": 3.21,
      "returnOnInvestedCapital": null,
      "depreciationAndAmortization": 33000000,
      "sellingGeneralAndAdministrative": 489000000
    },
    {
      "ceo": "Shantanu Narayen",
      "eps": 0.52,
      "cash": 923500000,
      "cogs": 13600000,
      "date": "2021-07-31",
      "debt": null,
      "ebit": 148000000,
      "capEx": 22600000,
      "assets": 31872597000,
      "ebitda": 187000000,
      "ticker": "ADSK",
      "country": "USA",
      "revenue": 1060000000,
      "cashflow": 179400000,
      "exchange": "NASDAQ",
      "employees": 0,
      "incomeTax": 24000000,
      "netIncome": 115000000,
      "netMargin": 10.85,
      "fiscalYear": 2021,
      "grossMargin": 90,
      "grossProfit": 954000000,
      "totalAssets": 7420600000,
      "currentAssets": 1546000000,
      "fiscalQuarter": 2,
      "dividendPayout": null,
      "researchAndDev": 277000000,
      "returnOnAssets": 1.55,
      "returnOnEquity": "8.66",
      "interestExpense": 12800000,
      "operatingIncome": 148000000,
      "operatingMargin": 13.96,
      "revenueSegments": {
        "products": [
          "",
          ""
        ],
        "productsSold": [
          0,
          0
        ]
      },
      "stockRepurchase": 48000000,
      "dividendPerShare": null,
      "shareholderEquity": 1328000000,
      "sharesOutstanding": 219800000,
      "currentLiabilities": 3087400000,
      "stockBasedCompensation": 0,
      "returnOnCapitalEmployed": 3.42,
      "returnOnInvestedCapital": null,
      "depreciationAndAmortization": 39000000,
      "sellingGeneralAndAdministrative": 518200000
    },
    {
      "ceo": "Shantanu Narayen",
      "eps": 0.62,
      "cash": 1748900000,
      "cogs": 14600000,
      "date": "2021-10-31",
      "debt": null,
      "ebit": 193000000,
      "capEx": 15300000,
      "assets": 31872597000,
      "ebitda": 235000000,
      "ticker": "ADSK",
      "country": "USA",
      "revenue": 1126000000,
      "cashflow": 255700000,
      "exchange": "NASDAQ",
      "employees": 0,
      "incomeTax": 51000000,
      "netIncome": 137000000,
      "netMargin": 12.17,
      "fiscalYear": 2021,
      "grossMargin": 90.41,
      "grossProfit": 1018000000,
      "totalAssets": 8531000000,
      "currentAssets": 2654800000,
      "fiscalQuarter": 2,
      "dividendPayout": null,
      "researchAndDev": 282000000,
      "returnOnAssets": 1.61,
      "returnOnEquity": "10.70",
      "interestExpense": 15800000,
      "operatingIncome": 193000000,
      "operatingMargin": 17.14,
      "revenueSegments": {
        "products": [
          "",
          ""
        ],
        "productsSold": [
          0,
          0
        ]
      },
      "stockRepurchase": 284000000,
      "dividendPerShare": null,
      "shareholderEquity": 1280000000,
      "sharesOutstanding": 220000000,
      "currentLiabilities": 3281500000,
      "stockBasedCompensation": 0,
      "returnOnCapitalEmployed": 3.68,
      "returnOnInvestedCapital": null,
      "depreciationAndAmortization": 42000000,
      "sellingGeneralAndAdministrative": 532200000
    },
    {
      "ceo": "Shantanu Narayen",
      "eps": 0.41,
      "cash": 1528000000,
      "cogs": 14400000,
      "date": "2022-01-31",
      "debt": 349700000,
      "ebit": 142600000,
      "capEx": 7400000,
      "assets": 31872597000,
      "ebitda": 176700000,
      "ticker": "ADSK",
      "country": "USA",
      "revenue": 1211400000,
      "cashflow": 714900000,
      "exchange": "NASDAQ",
      "employees": 0,
      "incomeTax": 17700000,
      "netIncome": 89000000,
      "netMargin": 7.35,
      "fiscalYear": 2022,
      "grossMargin": 90.71,
      "grossProfit": 1098900000,
      "totalAssets": 8607000000,
      "currentAssets": 2764000000,
      "fiscalQuarter": 2,
      "dividendPayout": null,
      "researchAndDev": 289800000,
      "returnOnAssets": 1.03,
      "returnOnEquity": "10.48",
      "interestExpense": 25800000,
      "operatingIncome": 142600000,
      "operatingMargin": 11.77,
      "revenueSegments": {
        "products": [
          "",
          ""
        ],
        "productsSold": [
          0,
          0
        ]
      },
      "stockRepurchase": 595500000,
      "dividendPerShare": null,
      "shareholderEquity": 849000000,
      "sharesOutstanding": 218200000,
      "currentLiabilities": 4009000000,
      "stockBasedCompensation": 0,
      "returnOnCapitalEmployed": 3.1,
      "returnOnInvestedCapital": null,
      "depreciationAndAmortization": 34100000,
      "sellingGeneralAndAdministrative": 655400000
    },
    {
      "ceo": "Shantanu Narayen",
      "eps": 0.67,
      "cash": 1518000000,
      "cogs": 14000000,
      "date": "2022-04-30",
      "debt": 350000000,
      "ebit": 214000000,
      "capEx": 16000000,
      "assets": 31872597000,
      "ebitda": 252000000,
      "ticker": "ADSK",
      "country": "USA",
      "revenue": 1170000000,
      "cashflow": 418000000,
      "exchange": "NASDAQ",
      "employees": 0,
      "incomeTax": 49000000,
      "netIncome": 146000000,
      "netMargin": 12.48,
      "fiscalYear": 2022,
      "grossMargin": 90,
      "grossProfit": 1053000000,
      "totalAssets": 8261000000,
      "currentAssets": 2358000000,
      "fiscalQuarter": 2,
      "dividendPayout": null,
      "researchAndDev": 289000000,
      "returnOnAssets": 1.77,
      "returnOnEquity": "21.44",
      "interestExpense": 19000000,
      "operatingIncome": 214000000,
      "operatingMargin": 18.29,
      "revenueSegments": {
        "products": [
          "",
          ""
        ],
        "productsSold": [
          0,
          0
        ]
      },
      "stockRepurchase": 457000000,
      "dividendPerShare": null,
      "shareholderEquity": 681000000,
      "sharesOutstanding": 217000000,
      "currentLiabilities": 3801000000,
      "stockBasedCompensation": 0,
      "returnOnCapitalEmployed": 4.8,
      "returnOnInvestedCapital": null,
      "depreciationAndAmortization": 38000000,
      "sellingGeneralAndAdministrative": 539000000
    },
    {
      "ceo": "Shantanu Narayen",
      "eps": 0.86,
      "cash": 1440000000,
      "cogs": 15000000,
      "date": "2022-07-31",
      "debt": 350000000,
      "ebit": 242000000,
      "capEx": 12000000,
      "assets": 31872597000,
      "ebitda": 280000000,
      "ticker": "ADSK",
      "country": "USA",
      "revenue": 1237000000,
      "cashflow": 245000000,
      "exchange": "NASDAQ",
      "employees": 0,
      "incomeTax": 46000000,
      "netIncome": 186000000,
      "netMargin": 15.04,
      "fiscalYear": 2022,
      "grossMargin": 90.38,
      "grossProfit": 1118000000,
      "totalAssets": 8227000000,
      "currentAssets": 2329000000,
      "fiscalQuarter": 2,
      "dividendPayout": null,
      "researchAndDev": 306000000,
      "returnOnAssets": 2.26,
      "returnOnEquity": "25.14",
      "interestExpense": 10000000,
      "operatingIncome": 242000000,
      "operatingMargin": 19.56,
      "revenueSegments": {
        "products": [
          "",
          ""
        ],
        "productsSold": [
          0,
          0
        ]
      },
      "stockRepurchase": 251000000,
      "dividendPerShare": null,
      "shareholderEquity": 740000000,
      "sharesOutstanding": 217000000,
      "currentLiabilities": 3642000000,
      "stockBasedCompensation": 0,
      "returnOnCapitalEmployed": 5.28,
      "returnOnInvestedCapital": null,
      "depreciationAndAmortization": 38000000,
      "sellingGeneralAndAdministrative": 561000000
    },
    {
      "ceo": "Shantanu Narayen",
      "eps": 0.92,
      "cash": 1665000000,
      "cogs": 120000000,
      "date": "2022-10-31",
      "debt": 350000000,
      "ebit": 256000000,
      "capEx": 10000000,
      "assets": 31872597000,
      "ebitda": 293000000,
      "ticker": "ADSK",
      "country": "USA",
      "revenue": 1280000000,
      "cashflow": 459000000,
      "exchange": "NASDAQ",
      "employees": 0,
      "incomeTax": 44000000,
      "netIncome": 198000000,
      "netMargin": 15.47,
      "fiscalYear": 2022,
      "grossMargin": 90.63,
      "grossProfit": 1160000000,
      "totalAssets": 8635000000,
      "currentAssets": 2788000000,
      "fiscalQuarter": 2,
      "dividendPayout": null,
      "researchAndDev": 311000000,
      "returnOnAssets": 2.29,
      "returnOnEquity": "21.85",
      "interestExpense": 14000000,
      "operatingIncome": 256000000,
      "operatingMargin": 20,
      "revenueSegments": {
        "products": [
          "",
          ""
        ],
        "productsSold": [
          0,
          0
        ]
      },
      "stockRepurchase": 186000000,
      "dividendPerShare": null,
      "shareholderEquity": 906000000,
      "sharesOutstanding": 216000000,
      "currentLiabilities": 3811000000,
      "stockBasedCompensation": 0,
      "returnOnCapitalEmployed": 5.31,
      "returnOnInvestedCapital": null,
      "depreciationAndAmortization": 37000000,
      "sellingGeneralAndAdministrative": 583000000
    },
    {
      "ceo": "Shantanu Narayen",
      "eps": 1.36,
      "cash": 1947000000,
      "cogs": 124000000,
      "date": "2023-01-31",
      "debt": null,
      "ebit": 277000000,
      "capEx": 8000000,
      "assets": 31872597000,
      "ebitda": 314000000,
      "ticker": "ADSK",
      "country": "USA",
      "revenue": 1318000000,
      "cashflow": 903000000,
      "exchange": "NASDAQ",
      "employees": 0,
      "incomeTax": -16000000,
      "netIncome": 293000000,
      "netMargin": 22.23,
      "fiscalYear": 2023,
      "grossMargin": 90.59,
      "grossProfit": 1194000000,
      "totalAssets": 9438000000,
      "currentAssets": 3341000000,
      "fiscalQuarter": 2,
      "dividendPayout": null,
      "researchAndDev": 313000000,
      "returnOnAssets": 3.1,
      "returnOnEquity": "25.59",
      "interestExpense": 2000000,
      "operatingIncome": 277000000,
      "operatingMargin": 21.02,
      "revenueSegments": {
        "products": [
          "",
          ""
        ],
        "productsSold": [
          0,
          0
        ]
      },
      "stockRepurchase": 207000000,
      "dividendPerShare": null,
      "shareholderEquity": 1145000000,
      "sharesOutstanding": 215000000,
      "currentLiabilities": 4000000000,
      "stockBasedCompensation": 0,
      "returnOnCapitalEmployed": 5.09,
      "returnOnInvestedCapital": null,
      "depreciationAndAmortization": 37000000,
      "sellingGeneralAndAdministrative": 594000000
    },
    {
      "ceo": "Shantanu Narayen",
      "eps": 0.75,
      "cash": 1909000000,
      "cogs": 127000000,
      "date": "2023-04-30",
      "debt": null,
      "ebit": 217000000,
      "capEx": 15000000,
      "assets": 31872597000,
      "ebitda": 250000000,
      "ticker": "ADSK",
      "country": "USA",
      "revenue": 1269000000,
      "cashflow": 708000000,
      "exchange": "NASDAQ",
      "employees": 0,
      "incomeTax": 60000000,
      "netIncome": 161000000,
      "netMargin": 12.69,
      "fiscalYear": 2023,
      "grossMargin": 89.99,
      "grossProfit": 1142000000,
      "totalAssets": 9069000000,
      "currentAssets": 2833000000,
      "fiscalQuarter": 2,
      "dividendPayout": null,
      "researchAndDev": 327000000,
      "returnOnAssets": 1.78,
      "returnOnEquity": "17.95",
      "interestExpense": 4000000,
      "operatingIncome": 217000000,
      "operatingMargin": 17.1,
      "revenueSegments": {
        "products": [
          "",
          ""
        ],
        "productsSold": [
          0,
          0
        ]
      },
      "stockRepurchase": 512000000,
      "dividendPerShare": null,
      "shareholderEquity": 897000000,
      "sharesOutstanding": 215000000,
      "currentLiabilities": 3926000000,
      "stockBasedCompensation": 0,
      "returnOnCapitalEmployed": 4.22,
      "returnOnInvestedCapital": null,
      "depreciationAndAmortization": 33000000,
      "sellingGeneralAndAdministrative": 588000000
    }
  ],
  "fundamentalsAnno": [
    {
      "ceo": "Shantanu Narayen",
      "eps": 5.31,
      "cash": 1643000000,
      "cogs": 91300000,
      "date": "2018-11-30",
      "debt": 0,
      "ebit": 2883000000,
      "capEx": 266579000,
      "assets": 31872597000,
      "ebitda": 3222700000,
      "ticker": "ADBE",
      "country": "USA",
      "revenue": 9030000000,
      "cashflow": 3762421000,
      "exchange": "NASDAQ",
      "employees": 21000,
      "incomeTax": 203000000,
      "netIncome": 2591000000,
      "netMargin": 28.69,
      "fiscalYear": 2018,
      "grossMargin": 86.77,
      "grossProfit": 7835000000,
      "totalAssets": 18768682000,
      "currentAssets": 4857039000,
      "fiscalQuarter": 4,
      "dividendPayout": null,
      "researchAndDev": 1537812000,
      "returnOnAssets": 13.8,
      "returnOnEquity": 27.68,
      "interestExpense": 89000000,
      "operatingIncome": 2840000000,
      "operatingMargin": 31.45,
      "revenueSegments": {
        "products": [
          "Digital Media",
          "Digital Experience",
          "Publishing and Advertising"
        ],
        "productsSold": [
          6325300000,
          2443700000,
          261000000
        ]
      },
      "stockRepurchase": 2050000000,
      "dividendPerShare": null,
      "shareholderEquity": 9362000000,
      "sharesOutstanding": 487663000,
      "currentLiabilities": 4301126000,
      "stockBasedCompensation": 609562000,
      "returnOnCapitalEmployed": 19.93,
      "returnOnInvestedCapital": null,
      "depreciationAndAmortization": 339700000,
      "sellingGeneralAndAdministrative": 3365727000
    },
    {
      "ceo": "Shantanu Narayen",
      "eps": 6.12,
      "cash": 2650000000,
      "cogs": 227000000,
      "date": "2019-11-29",
      "debt": 3149000000,
      "ebit": 3362000000,
      "capEx": 394479000,
      "assets": 31872597000,
      "ebitda": 3937400000,
      "ticker": "ADBE",
      "country": "USA",
      "revenue": 11171000000,
      "cashflow": 4027521000,
      "exchange": "NASDAQ",
      "employees": 22600,
      "incomeTax": 254000000,
      "netIncome": 2951000000,
      "netMargin": 26.42,
      "fiscalYear": 2019,
      "grossMargin": 85.02,
      "grossProfit": 9498000000,
      "totalAssets": 20762000000,
      "currentAssets": 6495000000,
      "fiscalQuarter": 4,
      "dividendPayout": null,
      "researchAndDev": 1930228000,
      "returnOnAssets": 14.21,
      "returnOnEquity": 28.02,
      "interestExpense": 157000000,
      "operatingIncome": 3268000000,
      "operatingMargin": 29.25,
      "revenueSegments": {
        "products": [
          "Digital Media",
          "Digital Experience",
          "Publishing and Advertising"
        ],
        "productsSold": [
          7707000000,
          3206200000,
          258100000
        ]
      },
      "stockRepurchase": 2750000000,
      "dividendPerShare": null,
      "shareholderEquity": 10530000000,
      "sharesOutstanding": 482339000,
      "currentLiabilities": 8191000000,
      "stockBasedCompensation": 787705000,
      "returnOnCapitalEmployed": 26.74,
      "returnOnInvestedCapital": null,
      "depreciationAndAmortization": 575400000,
      "sellingGeneralAndAdministrative": 4124984000
    },
    {
      "ceo": "Shantanu Narayen",
      "eps": 10.98,
      "cash": 4478000000,
      "cogs": 205000000,
      "date": "2020-11-27",
      "debt": 0,
      "ebit": 4292000000,
      "capEx": 419000000,
      "assets": 31872597000,
      "ebitda": 4851000000,
      "ticker": "ADBE",
      "country": "USA",
      "revenue": 12868000000,
      "cashflow": 5308000000,
      "exchange": "NASDAQ",
      "employees": 22500,
      "incomeTax": -1084000000,
      "netIncome": 5260000000,
      "netMargin": 40.88,
      "fiscalYear": 2020,
      "grossMargin": 86.62,
      "grossProfit": 11146000000,
      "totalAssets": 24284000000,
      "currentAssets": 8146000000,
      "fiscalQuarter": 4,
      "dividendPayout": 2977000000,
      "researchAndDev": 2188000000,
      "returnOnAssets": 21.66,
      "returnOnEquity": 39.66,
      "interestExpense": 116000000,
      "operatingIncome": 4237000000,
      "operatingMargin": 32.93,
      "revenueSegments": {
        "products": [
          "Digital Media",
          "Digital Experience",
          "Publishing and Advertising"
        ],
        "productsSold": [
          9233000000,
          3125000000,
          510000000
        ]
      },
      "stockRepurchase": 3050000000,
      "dividendPerShare": 6.215031315240084,
      "shareholderEquity": 13264000000,
      "sharesOutstanding": 479000000,
      "currentLiabilities": 5512000000,
      "stockBasedCompensation": 909000000,
      "returnOnCapitalEmployed": 22.86,
      "returnOnInvestedCapital": null,
      "depreciationAndAmortization": 559000000,
      "sellingGeneralAndAdministrative": 4559000000
    },
    {
      "ceo": "Shantanu Narayen",
      "eps": 10.15,
      "cash": 3844000000,
      "cogs": 181000000,
      "date": "2021-12-03",
      "debt": 0,
      "ebit": 5818000000,
      "capEx": 348000000,
      "assets": 31872597000,
      "ebitda": 6379000000,
      "ticker": "ADBE",
      "country": "USA",
      "revenue": 15785000000,
      "cashflow": 6882000000,
      "exchange": "NASDAQ",
      "employees": 26000,
      "incomeTax": 883000000,
      "netIncome": 4822000000,
      "netMargin": 30.55,
      "fiscalYear": 2021,
      "grossMargin": 88.18,
      "grossProfit": 13920000000,
      "totalAssets": 27241000000,
      "currentAssets": 8669000000,
      "fiscalQuarter": 4,
      "dividendPayout": null,
      "researchAndDev": 2540000000,
      "returnOnAssets": 17.7,
      "returnOnEquity": 32.59,
      "interestExpense": 113000000,
      "operatingIncome": 5802000000,
      "operatingMargin": 36.76,
      "revenueSegments": {
        "products": [
          "Digital Media",
          "Digital Experience",
          "Publishing and Advertising"
        ],
        "productsSold": [
          11520000000,
          3867000000,
          398000000
        ]
      },
      "stockRepurchase": 3950000000,
      "dividendPerShare": null,
      "shareholderEquity": 14797000000,
      "sharesOutstanding": 475000000,
      "currentLiabilities": 6932000000,
      "stockBasedCompensation": 1069000000,
      "returnOnCapitalEmployed": 28.65,
      "returnOnInvestedCapital": null,
      "depreciationAndAmortization": 561000000,
      "sellingGeneralAndAdministrative": 5406000000
    },
    {
      "ceo": "Shantanu Narayen",
      "eps": 10.29,
      "cash": 4236000000,
      "cogs": 236000000,
      "date": "2022-12-02",
      "debt": 500000000,
      "ebit": 6120000000,
      "capEx": 442000000,
      "assets": 31872597000,
      "ebitda": 6714000000,
      "ticker": "ADBE",
      "country": "USA",
      "revenue": 17606000000,
      "cashflow": 7396000000,
      "exchange": "NASDAQ",
      "employees": 30000,
      "incomeTax": 1252000000,
      "netIncome": 4756000000,
      "netMargin": 27.01,
      "fiscalYear": 2022,
      "grossMargin": 87.7,
      "grossProfit": 15441000000,
      "totalAssets": 27165000000,
      "currentAssets": 8996000000,
      "fiscalQuarter": 4,
      "dividendPayout": null,
      "researchAndDev": 2987000000,
      "returnOnAssets": 17.51,
      "returnOnEquity": 33.85,
      "interestExpense": 112000000,
      "operatingIncome": 6098000000,
      "operatingMargin": 34.64,
      "revenueSegments": {
        "products": [
          "Digital Media",
          "Digital Experience",
          "Publishing and Advertising"
        ],
        "productsSold": [
          12842000000,
          4422000000,
          342000000
        ]
      },
      "stockRepurchase": 6550000000,
      "dividendPerShare": null,
      "shareholderEquity": 14051000000,
      "sharesOutstanding": 462000000,
      "currentLiabilities": 8128000000,
      "stockBasedCompensation": 1440000000,
      "returnOnCapitalEmployed": 32.15,
      "returnOnInvestedCapital": null,
      "depreciationAndAmortization": 594000000,
      "sellingGeneralAndAdministrative": 6187000000
    }
  ]
}