[{"assets":31872597000,"totalAssets":125972000000,"cash":2614000000,"cashflow":1537000000,"capEx":2979000000,"ceo":"Patrick Gelsinger","country":"USA","cogs":6543000000,"date":"2018-06-30","debt":3510000000,"depreciationAndAmortization":50000000,"dividendPayout":1278000000,"dividendPerShare":0.2771633051398829,"ebit":5645000000,"ebitda":5695000000,"employees":0,"eps":1.085664714812405,"exchange":"NASDAQ","fiscalYear":2018,"fiscalQuarter":2,"grossMargin":62.34069287381081,"grossProfit":10419000000,"incomeTax":523000000,"interestExpense":116000000,"netIncome":5006000000,"netMargin":29.952731406689402,"operatingIncome":5273000000,"operatingMargin":31.550290193262732,"researchAndDev":3371000000,"returnOnAssets":3.9738989616740232,"returnOnCapitalEmployed":5.207516535825316,"returnOnEquity":7.146630119776722,"returnOnInvestedCapital":null,"revenue":16713000000,"revenueSegments":{"products":["Model S/X"],"productsSold":[1]},"shareholderEquity":70047000000,"sharesOutstanding":4611000000,"stockBasedCompensation":0,"ticker":"INTC","currentAssets":27603000000,"currentLiabilities":17571000000,"sellingGeneralAndAdministrative":1725000000,"stockRepurchase":1093000000},{"assets":31872597000,"totalAssets":128242000000,"cash":3407000000,"cashflow":-11697000000,"capEx":4069000000,"ceo":"Patrick Gelsinger","country":"USA","cogs":6803000000,"date":"2018-09-30","debt":3051000000,"depreciationAndAmortization":50000000,"dividendPayout":1278000000,"dividendPerShare":0.28001752848378614,"ebit":7251000000,"ebitda":7301000000,"employees":0,"eps":1.401840490797546,"exchange":"NASDAQ","fiscalYear":2018,"fiscalQuarter":2,"grossMargin":65.64342238037071,"grossProfit":12360000000,"incomeTax":744000000,"interestExpense":109000000,"netIncome":6398000000,"netMargin":33.97949970789739,"operatingIncome":7349000000,"operatingMargin":39.030219342503585,"researchAndDev":3428000000,"returnOnAssets":4.989005162115376,"returnOnCapitalEmployed":6.672617513895535,"returnOnEquity":8.950379810584334,"returnOnInvestedCapital":null,"revenue":18829000000,"revenueSegments":{"products":["Model S/X"],"productsSold":[1]},"shareholderEquity":71483000000,"sharesOutstanding":4564000000,"stockBasedCompensation":0,"ticker":"INTC","currentAssets":29590000000,"currentLiabilities":19574000000,"sellingGeneralAndAdministrative":1605000000,"stockRepurchase":4000000},{"assets":31872597000,"totalAssets":127963000000,"cash":3019000000,"cashflow":9658000000,"capEx":2910000000,"ceo":"Patrick Gelsinger","country":"USA","cogs":7430000000,"date":"2018-12-31","debt":1261000000,"depreciationAndAmortization":50000000,"dividendPayout":1400000000,"dividendPerShare":0.3100088573959256,"ebit":5766000000,"ebitda":5816000000,"employees":0,"eps":1.1503542958370239,"exchange":"NASDAQ","fiscalYear":2018,"fiscalQuarter":2,"grossMargin":60.702892673695594,"grossProfit":11227000000,"incomeTax":440000000,"interestExpense":131000000,"netIncome":5195000000,"netMargin":28.088672614220062,"operatingIncome":6224000000,"operatingMargin":33.652338469856716,"researchAndDev":3433000000,"returnOnAssets":4.0597672764783574,"returnOnCapitalEmployed":5.178871354536228,"returnOnEquity":6.967262583318805,"returnOnInvestedCapital":null,"revenue":18495000000,"revenueSegments":{"products":["Model S/X"],"productsSold":[1]},"shareholderEquity":74563000000,"sharesOutstanding":4516000000,"stockBasedCompensation":0,"ticker":"INTC","currentAssets":28787000000,"currentLiabilities":16626000000,"sellingGeneralAndAdministrative":1720000000,"stockRepurchase":1914000000},{"assets":31872597000,"totalAssets":129458000000,"cash":3154000000,"cashflow":476000000,"capEx":4530000000,"ceo":"Patrick Gelsinger","country":"USA","cogs":6972000000,"date":"2019-03-31","debt":2750000000,"depreciationAndAmortization":50000000,"dividendPayout":1400000000,"dividendPerShare":0.31270940361849453,"ebit":4685000000,"ebitda":4735000000,"employees":0,"eps":0.8876479785570695,"exchange":"NASDAQ","fiscalYear":2019,"fiscalQuarter":2,"grossMargin":57.77029174346914,"grossProfit":9089000000,"incomeTax":573000000,"interestExpense":138000000,"netIncome":3974000000,"netMargin":25.259009724782306,"operatingIncome":4174000000,"operatingMargin":26.530223097946994,"researchAndDev":3332000000,"returnOnAssets":3.0697214540623214,"returnOnCapitalEmployed":4.238016409310067,"returnOnEquity":5.394985134603115,"returnOnInvestedCapital":null,"revenue":15733000000,"revenueSegments":{"products":["Model S/X"],"productsSold":[1]},"shareholderEquity":73661000000,"sharesOutstanding":4477000000,"stockBasedCompensation":0,"ticker":"INTC","currentAssets":29060000000,"currentLiabilities":18911000000,"sellingGeneralAndAdministrative":1583000000,"stockRepurchase":3893000000},{"assets":31872597000,"totalAssets":130759000000,"cash":2867000000,"cashflow":-8713000000,"capEx":3851000000,"ceo":"Patrick Gelsinger","country":"USA","cogs":6627000000,"date":"2019-06-30","debt":3726000000,"depreciationAndAmortization":50000000,"dividendPayout":1373000000,"dividendPerShare":0.30993227990970657,"ebit":4859000000,"ebitda":4909000000,"employees":0,"eps":0.9433408577878104,"exchange":"NASDAQ","fiscalYear":2019,"fiscalQuarter":2,"grossMargin":60.463977474444505,"grossProfit":9878000000,"incomeTax":545000000,"interestExpense":135000000,"netIncome":4179000000,"netMargin":25.57997184305564,"operatingIncome":4617000000,"operatingMargin":28.261002632062187,"researchAndDev":3438000000,"returnOnAssets":3.195955918904244,"returnOnCapitalEmployed":4.375348929349686,"returnOnEquity":5.5759403311673585,"returnOnInvestedCapital":null,"revenue":16337000000,"revenueSegments":{"products":["Model S/X"],"productsSold":[1]},"shareholderEquity":74947000000,"sharesOutstanding":4430000000,"stockBasedCompensation":0,"ticker":"INTC","currentAssets":29239000000,"currentLiabilities":19705000000,"sellingGeneralAndAdministrative":1639000000,"stockRepurchase":2657000000},{"assets":31872597000,"totalAssets":133768000000,"cash":3935000000,"cashflow":3010000000,"capEx":3890000000,"ceo":"Patrick Gelsinger","country":"USA","cogs":7895000000,"date":"2019-09-30","debt":5200000000,"depreciationAndAmortization":50000000,"dividendPayout":1368000000,"dividendPerShare":0.31448275862068964,"ebit":6826000000,"ebitda":6876000000,"employees":0,"eps":1.3770114942528735,"exchange":"NASDAQ","fiscalYear":2019,"fiscalQuarter":2,"grossMargin":59.356771243890904,"grossProfit":11295000000,"incomeTax":729000000,"interestExpense":107000000,"netIncome":5990000000,"netMargin":31.478270008933734,"operatingIncome":6447000000,"operatingMargin":33.87986757055022,"researchAndDev":3208000000,"returnOnAssets":4.477902039351713,"returnOnCapitalEmployed":6.279437739181631,"returnOnEquity":8.068209369359662,"returnOnInvestedCapital":null,"revenue":19029000000,"revenueSegments":{"products":["Model S/X"],"productsSold":[1]},"shareholderEquity":74242000000,"sharesOutstanding":4350000000,"stockBasedCompensation":0,"ticker":"INTC","currentAssets":29957000000,"currentLiabilities":25064000000,"sellingGeneralAndAdministrative":1536000000,"stockRepurchase":2266000000},{"assets":31872597000,"totalAssets":136524000000,"cash":4194000000,"cashflow":1638000000,"capEx":3321000000,"ceo":"Patrick Gelsinger","country":"USA","cogs":8331000000,"date":"2019-12-31","debt":3693000000,"depreciationAndAmortization":50000000,"dividendPayout":1414000000,"dividendPerShare":0.3296037296037296,"ebit":8176000000,"ebitda":8226000000,"employees":0,"eps":1.6095571095571095,"exchange":"NASDAQ","fiscalYear":2019,"fiscalQuarter":2,"grossMargin":59.395939593959405,"grossProfit":11878000000,"incomeTax":1163000000,"interestExpense":108000000,"netIncome":6905000000,"netMargin":34.52845284528453,"operatingIncome":6797000000,"operatingMargin":33.988398839883985,"researchAndDev":3384000000,"returnOnAssets":5.057718789370367,"returnOnCapitalEmployed":7.158491953700947,"returnOnEquity":8.909217588769613,"returnOnInvestedCapital":null,"revenue":19998000000,"revenueSegments":{"products":["Model S/X"],"productsSold":[1]},"shareholderEquity":77504000000,"sharesOutstanding":4290000000,"stockBasedCompensation":0,"ticker":"INTC","currentAssets":31239000000,"currentLiabilities":22310000000,"sellingGeneralAndAdministrative":1592000000,"stockRepurchase":2530000000},{"assets":31872597000,"totalAssets":147710000000,"cash":11380000000,"cashflow":4033000000,"capEx":3554000000,"ceo":"Patrick Gelsinger","country":"USA","cogs":7812000000,"date":"2020-03-31","debt":3464000000,"depreciationAndAmortization":427000000,"dividendPayout":1414000000,"dividendPerShare":0.33396315540859706,"ebit":6749000000,"ebitda":7176000000,"employees":0,"eps":1.3370335380255078,"exchange":"NASDAQ","fiscalYear":2020,"fiscalQuarter":2,"grossMargin":61.03830133089505,"grossProfit":12016000000,"incomeTax":953000000,"interestExpense":135000000,"netIncome":5661000000,"netMargin":28.756476683937827,"operatingIncome":7038000000,"operatingMargin":35.751295336787564,"researchAndDev":3275000000,"returnOnAssets":3.8325096472818356,"returnOnCapitalEmployed":5.450874288252635,"returnOnEquity":7.414149880818294,"returnOnInvestedCapital":null,"revenue":19686000000,"revenueSegments":{"products":["Model S/X"],"productsSold":[1]},"shareholderEquity":76354000000,"sharesOutstanding":4234000000,"stockBasedCompensation":0,"ticker":"INTC","currentAssets":41501000000,"currentLiabilities":23895000000,"sellingGeneralAndAdministrative":1541000000,"stockRepurchase":3049000000},{"assets":31872597000,"totalAssets":152539000000,"cash":8736000000,"cashflow":6039000000,"capEx":4672000000,"ceo":"Patrick Gelsinger","country":"USA","cogs":9221000000,"date":"2020-06-30","debt":2254000000,"depreciationAndAmortization":438000000,"dividendPayout":1386000000,"dividendPerShare":0.325887608746767,"ebit":6121000000,"ebitda":6559000000,"employees":0,"eps":1.2003291794027746,"exchange":"NASDAQ","fiscalYear":2020,"fiscalQuarter":2,"grossMargin":53.9179966131267,"grossProfit":10507000000,"incomeTax":830000000,"interestExpense":186000000,"netIncome":5105000000,"netMargin":26.196951814029866,"operatingIncome":5697000000,"operatingMargin":29.23487453173911,"researchAndDev":3354000000,"returnOnAssets":3.3466851100374333,"returnOnCapitalEmployed":4.706361777053314,"returnOnEquity":6.224850627972199,"returnOnInvestedCapital":null,"revenue":19487000000,"revenueSegments":{"products":["Model S/X"],"productsSold":[1]},"shareholderEquity":82010000000,"sharesOutstanding":4253000000,"stockBasedCompensation":0,"ticker":"INTC","currentAssets":44390000000,"currentLiabilities":22481000000,"sellingGeneralAndAdministrative":1447000000,"stockRepurchase":4521000000},{"assets":31872597000,"totalAssets":145261000000,"cash":3356000000,"cashflow":5222000000,"capEx":4666000000,"ceo":"Patrick Gelsinger","country":"USA","cogs":8592000000,"date":"2020-09-30","debt":504000000,"depreciationAndAmortization":446000000,"dividendPayout":1362000000,"dividendPerShare":0.3323572474377745,"ebit":5201000000,"ebitda":5647000000,"employees":0,"eps":1.043435822352367,"exchange":"NASDAQ","fiscalYear":2020,"fiscalQuarter":2,"grossMargin":53.636914266835525,"grossProfit":9741000000,"incomeTax":765000000,"interestExpense":160000000,"netIncome":4276000000,"netMargin":23.544958978029847,"operatingIncome":5059000000,"operatingMargin":27.85639557293101,"researchAndDev":3272000000,"returnOnAssets":2.9436669167911553,"returnOnCapitalEmployed":4.223339206976914,"returnOnEquity":5.735440083697722,"returnOnInvestedCapital":null,"revenue":18161000000,"revenueSegments":{"products":["Model S/X"],"productsSold":[1]},"shareholderEquity":74554000000,"sharesOutstanding":4098000000,"stockBasedCompensation":0,"ticker":"INTC","currentAssets":36785000000,"currentLiabilities":22112000000,"sellingGeneralAndAdministrative":1435000000,"stockRepurchase":3476000000},{"assets":31872597000,"totalAssets":153091000000,"cash":5865000000,"cashflow":2890000000,"capEx":3268000000,"ceo":"Patrick Gelsinger","country":"USA","cogs":8630000000,"date":"2020-12-31","debt":2504000000,"depreciationAndAmortization":446000000,"dividendPayout":1408000000,"dividendPerShare":0.3466272772033481,"ebit":7636000000,"ebitda":8082000000,"employees":0,"eps":1.4419005416051207,"exchange":"NASDAQ","fiscalYear":2020,"fiscalQuarter":2,"grossMargin":57.71245486446625,"grossProfit":11348000000,"incomeTax":1631000000,"interestExpense":148000000,"netIncome":5857000000,"netMargin":29.786909423790874,"operatingIncome":5884000000,"operatingMargin":29.924223160250218,"researchAndDev":3655000000,"returnOnAssets":3.825829082049239,"returnOnCapitalEmployed":5.949959871276405,"returnOnEquity":7.224353360551601,"returnOnInvestedCapital":null,"revenue":19663000000,"revenueSegments":{"products":["Model S/X"],"productsSold":[1]},"shareholderEquity":81073000000,"sharesOutstanding":4062000000,"stockBasedCompensation":0,"ticker":"INTC","currentAssets":47249000000,"currentLiabilities":24754000000,"sellingGeneralAndAdministrative":1757000000,"stockRepurchase":4229000000},{"assets":31872597000,"totalAssets":150622000000,"cash":5192000000,"cashflow":7749000000,"capEx":3408000000,"ceo":"Patrick Gelsinger","country":"USA","cogs":8819000000,"date":"2021-03-31","debt":2647000000,"depreciationAndAmortization":448000000,"dividendPayout":1403000000,"dividendPerShare":0.34744923229321445,"ebit":4096000000,"ebitda":4544000000,"employees":0,"eps":0.83234274393264,"exchange":"NASDAQ","fiscalYear":2021,"fiscalQuarter":2,"grossMargin":55.954222084751,"grossProfit":10854000000,"incomeTax":545000000,"interestExpense":190000000,"netIncome":3361000000,"netMargin":17.326528508093617,"operatingIncome":3694000000,"operatingMargin":19.04320032993092,"researchAndDev":3623000000,"returnOnAssets":2.2314137377009997,"returnOnCapitalEmployed":3.2386871298558564,"returnOnEquity":4.211410026689388,"returnOnInvestedCapital":null,"revenue":19398000000,"revenueSegments":{"products":["Model S/X"],"productsSold":[1]},"shareholderEquity":79807000000,"sharesOutstanding":4038000000,"stockBasedCompensation":0,"ticker":"INTC","currentAssets":45773000000,"currentLiabilities":24151000000,"sellingGeneralAndAdministrative":1328000000,"stockRepurchase":0},{"assets":31872597000,"totalAssets":154597000000,"cash":4746000000,"cashflow":4463000000,"capEx":3716000000,"ceo":"Patrick Gelsinger","country":"USA","cogs":8425000000,"date":"2021-06-30","debt":3695000000,"depreciationAndAmortization":449000000,"dividendPayout":1404000000,"dividendPerShare":0.34606852353956125,"ebit":5874000000,"ebitda":6323000000,"employees":0,"eps":1.2474735025881194,"exchange":"NASDAQ","fiscalYear":2021,"fiscalQuarter":2,"grossMargin":57.5374820291641,"grossProfit":11206000000,"incomeTax":684000000,"interestExpense":129000000,"netIncome":5061000000,"netMargin":25.985828712261245,"operatingIncome":5546000000,"operatingMargin":28.47607311562949,"researchAndDev":3715000000,"returnOnAssets":3.2736728397058155,"returnOnCapitalEmployed":4.526783856474595,"returnOnEquity":5.939652845423498,"returnOnInvestedCapital":null,"revenue":19476000000,"revenueSegments":{"products":["Model S/X"],"productsSold":[1]},"shareholderEquity":85207000000,"sharesOutstanding":4057000000,"stockBasedCompensation":0,"ticker":"INTC","currentAssets":49372000000,"currentLiabilities":24836000000,"sellingGeneralAndAdministrative":1599000000,"stockRepurchase":8000000000},{"assets":31872597000,"totalAssets":167962000000,"cash":7870000000,"cashflow":6503000000,"capEx":3867000000,"ceo":"Patrick Gelsinger","country":"USA","cogs":8446000000,"date":"2021-09-30","debt":4694000000,"depreciationAndAmortization":464000000,"dividendPayout":1353000000,"dividendPerShare":0.3326776493730022,"ebit":7002000000,"ebitda":7466000000,"employees":0,"eps":1.6776493730022128,"exchange":"NASDAQ","fiscalYear":2021,"fiscalQuarter":2,"grossMargin":56.55194190085254,"grossProfit":10746000000,"incomeTax":35000000,"interestExpense":144000000,"netIncome":6823000000,"netMargin":35.906746658246504,"operatingIncome":5227000000,"operatingMargin":27.50763077570782,"researchAndDev":3803000000,"returnOnAssets":4.062228361176933,"returnOnCapitalEmployed":5.059614133969218,"returnOnEquity":7.573789780989489,"returnOnInvestedCapital":null,"revenue":19002000000,"revenueSegments":{"products":["Model S/X"],"productsSold":[1]},"shareholderEquity":90087000000,"sharesOutstanding":4067000000,"stockBasedCompensation":0,"ticker":"INTC","currentAssets":61304000000,"currentLiabilities":29572000000,"sellingGeneralAndAdministrative":1674000000,"stockRepurchase":2000000000},{"assets":31872597000,"totalAssets":168406000000,"cash":4827000000,"cashflow":1376000000,"capEx":3972000000,"ceo":"Patrick Gelsinger","country":"USA","cogs":9519000000,"date":"2021-12-31","debt":4591000000,"depreciationAndAmortization":478000000,"dividendPayout":1411000000,"dividendPerShare":0.34668304668304667,"ebit":5328000000,"ebitda":5806000000,"employees":0,"eps":1.135872235872236,"exchange":"NASDAQ","fiscalYear":2021,"fiscalQuarter":2,"grossMargin":54.16748671521354,"grossProfit":11009000000,"incomeTax":571000000,"interestExpense":134000000,"netIncome":4623000000,"netMargin":22.746506593190315,"operatingIncome":4989000000,"operatingMargin":24.547333202125564,"researchAndDev":4049000000,"returnOnAssets":2.745151597924065,"returnOnCapitalEmployed":3.7802247701214666,"returnOnEquity":4.846369154322735,"returnOnInvestedCapital":null,"revenue":20324000000,"revenueSegments":{"products":["Model S/X"],"productsSold":[1]},"shareholderEquity":95391000000,"sharesOutstanding":4070000000,"stockBasedCompensation":0,"ticker":"INTC","currentAssets":58558000000,"currentLiabilities":27462000000,"sellingGeneralAndAdministrative":1942000000,"stockRepurchase":2301000000},{"assets":31872597000,"totalAssets":176356000000,"cash":6215000000,"cashflow":5199000000,"capEx":3602000000,"ceo":"Patrick Gelsinger","country":"USA","cogs":9109000000,"date":"2022-03-31","debt":4459000000,"depreciationAndAmortization":501000000,"dividendPayout":1410000000,"dividendPerShare":0.3448275862068966,"ebit":9785000000,"ebitda":10286000000,"employees":0,"eps":1.9841036928344338,"exchange":"NASDAQ","fiscalYear":2022,"fiscalQuarter":2,"grossMargin":49.637544971272085,"grossProfit":9244000000,"incomeTax":1548000000,"interestExpense":124000000,"netIncome":8113000000,"netMargin":43.56440960103099,"operatingIncome":4341000000,"operatingMargin":23.309885625302044,"researchAndDev":4362000000,"returnOnAssets":4.600353829753454,"returnOnCapitalEmployed":6.654923351061659,"returnOnEquity":7.8663124418243875,"returnOnInvestedCapital":null,"revenue":18623000000,"revenueSegments":{"products":["Model S/X"],"productsSold":[1]},"shareholderEquity":103136000000,"sharesOutstanding":4089000000,"stockBasedCompensation":0,"ticker":"INTC","currentAssets":62568000000,"currentLiabilities":29322000000,"sellingGeneralAndAdministrative":1752000000,"stockRepurchase":114000000},{"assets":31872597000,"totalAssets":170418000000,"cash":4390000000,"cashflow":5899000000,"capEx":4005000000,"ceo":"Patrick Gelsinger","country":"USA","cogs":9734000000,"date":"2022-06-30","debt":2882000000,"depreciationAndAmortization":3148000000,"dividendPayout":1410000000,"dividendPerShare":0.3433999025815879,"ebit":-800000000,"ebitda":2535000000,"employees":0,"eps":-0.11056989771066732,"exchange":"NASDAQ","fiscalYear":2022,"fiscalQuarter":2,"grossMargin":36.46628810129887,"grossProfit":5587000000,"incomeTax":-455000000,"interestExpense":109000000,"netIncome":-454000000,"netMargin":-2.963253051367404,"operatingIncome":-700000000,"operatingMargin":-4.568892369949743,"researchAndDev":4400000000,"returnOnAssets":-0.26640378363787864,"returnOnCapitalEmployed":-0.5586592178770949,"returnOnEquity":-0.44853682151395996,"returnOnInvestedCapital":null,"revenue":15321000000,"revenueSegments":{"products":["Model S/X"],"productsSold":[1]},"shareholderEquity":101218000000,"sharesOutstanding":4106000000,"stockBasedCompensation":0,"ticker":"INTC","currentAssets":50588000000,"currentLiabilities":27218000000,"sellingGeneralAndAdministrative":1800000000,"stockRepurchase":0},{"assets":31872597000,"totalAssets":174841000000,"cash":4529000000,"cashflow":-1751000000,"capEx":7154000000,"ceo":"Patrick Gelsinger","country":"USA","cogs":8803000000,"date":"2022-09-30","debt":2283000000,"depreciationAndAmortization":9748000000,"dividendPayout":1413000000,"dividendPerShare":0.34237945238672157,"ebit":-74000000,"ebitda":11052000000,"employees":0,"eps":0.24691058880542768,"exchange":"NASDAQ","fiscalYear":2022,"fiscalQuarter":2,"grossMargin":42.6065979919155,"grossProfit":6535000000,"incomeTax":-1207000000,"interestExpense":114000000,"netIncome":1019000000,"netMargin":6.643630199504498,"operatingIncome":-175000000,"operatingMargin":-1.1409571000130394,"researchAndDev":4302000000,"returnOnAssets":0.5828152435641526,"returnOnCapitalEmployed":-0.05033054928312975,"returnOnEquity":1.020173199179056,"returnOnInvestedCapital":null,"revenue":15338000000,"revenueSegments":{"products":["Model S/X"],"productsSold":[1]},"shareholderEquity":99885000000,"sharesOutstanding":4127000000,"stockBasedCompensation":0,"ticker":"INTC","currentAssets":49263000000,"currentLiabilities":27813000000,"sellingGeneralAndAdministrative":1744000000,"stockRepurchase":0},{"assets":31872597000,"totalAssets":182103000000,"cash":11144000000,"cashflow":1287000000,"capEx":4604000000,"ceo":"Patrick Gelsinger","country":"USA","cogs":8542000000,"date":"2022-12-31","debt":4367000000,"depreciationAndAmortization":276000000,"dividendPayout":1487000000,"dividendPerShare":0.3594392071549432,"ebit":-650000000,"ebitda":-394000000,"employees":0,"eps":-0.16050277979211988,"exchange":"NASDAQ","fiscalYear":2022,"fiscalQuarter":2,"grossMargin":39.168209656744054,"grossProfit":5500000000,"incomeTax":-135000000,"interestExpense":149000000,"netIncome":-664000000,"netMargin":-4.7286711294687365,"operatingIncome":-1132000000,"operatingMargin":-8.061529696624413,"researchAndDev":4464000000,"returnOnAssets":-0.36462880897074734,"returnOnCapitalEmployed":-0.43348360765065225,"returnOnEquity":-0.654683848831133,"returnOnInvestedCapital":null,"revenue":14042000000,"revenueSegments":{"products":["Model S/X"],"productsSold":[1]},"shareholderEquity":101423000000,"sharesOutstanding":4137000000,"stockBasedCompensation":0,"ticker":"INTC","currentAssets":50407000000,"currentLiabilities":32155000000,"sellingGeneralAndAdministrative":1706000000,"stockRepurchase":0},{"assets":31872597000,"totalAssets":185303000000,"cash":8232000000,"cashflow":-9198000000,"capEx":7413000000,"ceo":"Patrick Gelsinger","country":"USA","cogs":7707000000,"date":"2023-03-31","debt":1437000000,"depreciationAndAmortization":465000000,"dividendPayout":1512000000,"dividendPerShare":0.36398651901781415,"ebit":-955000000,"ebitda":-490000000,"employees":0,"eps":-0.6639383726528647,"exchange":"NASDAQ","fiscalYear":2023,"fiscalQuarter":2,"grossMargin":34.524937548453785,"grossProfit":4008000000,"incomeTax":1610000000,"interestExpense":193000000,"netIncome":-2758000000,"netMargin":-23.75742958049789,"operatingIncome":-1468000000,"operatingMargin":-12.645361357567406,"researchAndDev":4109000000,"returnOnAssets":-1.488373097035666,"returnOnCapitalEmployed":-0.6047748717623963,"returnOnEquity":-2.812592418849876,"returnOnInvestedCapital":null,"revenue":11609000000,"revenueSegments":{"products":["Model S/X"],"productsSold":[1]},"shareholderEquity":98059000000,"sharesOutstanding":4154000000,"stockBasedCompensation":0,"ticker":"INTC","currentAssets":48314000000,"currentLiabilities":27393000000,"sellingGeneralAndAdministrative":1303000000,"stockRepurchase":0}]